2064 3718
0 1899 3 2009 l

434 127 488 185 'A
520 143 737 185 crus
776 95 890 187 iit.
926 125 1218 183 sicma
1255 125 1365 181 111.

1676 138 1784 193 247

27 226 81 285 6
81 248 114 283 0
125 222 203 282 Ut
220 221 495 278 devortatur
507 224 566 277 ad
581 242 666 278 me
678 221 732 277 in
750 218 1022 297 hospitium
1039 238 1326 297 optumum.

126 305 233 358 AD.
246 302 431 373 Neque
444 321 541 355 nos
557 300 742 356 hortati
757 344 770 365 ,
795 318 961 373 neque
975 298 1223 354 dehortati
1235 299 1376 351 decet

125 379 410 434 Hominem
425 382 780 454 peregrinum:
803 395 939 431 tuam
969 395 1074 432 tem
1102 392 1155 431 tu
1167 394 1305 451 ages»,
1334 372 1369 429 s1
1388 368 1524 448 sapiS.

122 457 240 511 Nos
253 454 340 510 tibi
356 455 522 532 palum
531 456 647 510 bem
660 457 720 510 ad
734 474 900 510 aream
918 454 1068 529 usque
1084 454 1413 510 adduximus:

122 533 281 587 Nunc
297 550 345 588 te
361 531 502 587 illum
521 532 695 588 melius
709 551 907 609 capere,
938 529 972 586 si
990 550 1189 609 captum
1206 529 1299 586 else
1313 532 1397 585 νίς.

36 618 104 686 65
121 611 521 687 LY.Jamneitis?
561 611 665 667 Co.
680 612 800 686 quid
815 650 831 673 ‚
856 610 997 684 quod
1012 609 1158 664 vobis
1172 609 1404 663 mandavi
1418 646 1432 670 ‚
1460 599 1708 681 hospites?

118 687 226 741 AD.
251 687 388 744 Cum
403 687 520 744 illoc
532 707 579 744 te
595 690 772 744 melius
784 707 919 743 tuam
938 706 1043 741 tem
1059 684 1340 741 adolescens
1353 684 1510 761 loqui.

115 764 220 819 Illic
237 766 306 820 est
319 768 380 821 ad
394 765 501 821 istas
516 787 588 821 res
600 767 786 843 probus
802 806 816 828 ,
840 784 961 839 quas
988 765 1232 839 quaesitas,

113 842 222 898 Co.
235 845 419 900 Videre
433 847 667 920 equidem
689 864 779 899 vos
798 843 977 897 vellem
993 882 1007 904 ,
1034 862 1150 896 cum
1169 842 1288 897 huic
1301 858 1479 895 autum
1496 836 1688 892 darem.

117 922 224 977 AD.
241 921 376 977 Illinc
392 922 565 997 procul
582 942 673 977 nos
691 916 1232 996 istucinspestabimuS.

29 1019 103 1069 70
119 999 220 1053 Co.
241 1002 436 1055 Bonam
454 1000 646 1055 dedistis
660 1002 786 1055 mihi
802 1017 1035 1074 operam.
1071 1001 1166 1054 LY.
1183 999 1219 1053 it
1232 997 1290 1052 ad
1310 1015 1393 1050 me
1407 992 1619 1054 luctum.

115 1075 360 1132 Co.1llud
389 1078 598 1152 quidem
626 1118 642 1141 ,
674 1074 911 1152 quorsum
927 1075 1087 1131 asmus
1103 1077 1241 1130 caedit
1262 1072 1491 1141 calcibus.

111 1154 207 1211 LY.
221 1153 404 1210 Blande
420 1157 692 1210 hominem
711 1152 1044 1228 compellabo,
1057 1152 1233 1229 hospes
1252 1148 1504 1227 hospitem

112 1231 319 1287 Salutat:
347 1230 532 1288 salvom
546 1251 594 1288 te
608 1233 836 1288 advenire
847 1232 1062 1306 gaudeo,

110 1308 220 1364 Co.
238 1310 400 1364 Multa
414 1310 505 1364 tibi
531 1310 603 1366 Di
616 1312 736 1365 dent
748 1307 909 1370 bona,

933 1326 1051 1362 cum
1070 1326 1154 1361 me
1168 1302 1352 1361 salvom
1371 1302 1465 1359 effe
1480 1302 1565 1358 νίς.

24 1408 93 1464 75
110 1387 202 1442 LY.
219 1386 507 1461 Hospitium
519 1406 565 1442 te
578 1392 714 1462 ajunt
728 1386 1002 1461 quaeritare.
1039 1385 1146 1441 Co,
1160 1386 1387 1459 quaerito.

109 1463 611 1519 LY.1taillidixetunt
625 1503 640 1526 ,
680 1467 767 1539 qui
779 1462 935 1517 hinca
953 1482 1038 1517 me
1065 1462 1292 1517 abierunt
1309 1460 1472 1515 modo
1488 1498 1504 1523 ‚

105 1539 193 1595 Te
206 1543 462 1615 quaeritare
476 1542 504 1596 ὲι
520 1539 710 1597 muscis,
747 1540 1077 1596 C0.minime
1093 1540 1343 1615 gentium.
1766 1610 1768 1612 ‚

16 1682 19 1686 ¹
104 1617 199 1673 LY.
211 1620 361 1693 Qid
374 1620 473 1676 ita?
498 1618 603 1674 Co.
618 1618 773 1694 quina
788 1615 963 1673 muscis
979 1616 1013 1673 si
1029 1619 1158 1672 mihi
1176 1613 1453 1697 hospitium
1472 1629 1770 1692 quaeretem,

53 1745 61 1751 .
105 1696 396 1752 Adveniens
411 1697 510 1752 huc
536 1699 662 1752 irem
678 1699 730 1752 in
745 1715 990 1752 carcerem
1010 1696 1147 1751 recta
1162 1696 1256 1752 via.

19 1773 92 1834 80
108 1773 279 1849 Egoid
293 1793 461 1850 quaero
482 1771 752 1850 hospitium
771 1815 785 1839 ,
828 1773 915 1830 ubi
930 1794 1031 1852 ego
1045 1793 1186 1829 curet
1201 1770 1407 1829 mollius
1421 1812 1439 1837 ‚

106 1853 289 1926 Qam
305 1854 409 1928 regi
431 1852 691 1908 Antiocho
706 1851 842 1910 oculi
854 1853 1008 1906 curari
1019 1851 1192 1906 solent.

102 1929 194 1984 LY.
210 1930 403 2005 Edepol
415 1949 490 1983 nae
502 1927 593 1985 tibi
608 1928 806 2004 possum
819 1928 962 1983 illum
977 1926 1205 1983 festivum
1225 1928 1341 1983 date
1358 1968 1374 1992 ,

104 2004 366 2080 Siquidem
379 2026 521 2083 potes
533 2005 625 2060 esse
641 2009 738 2083 pati
755 2023 800 2061 te
818 2046 832 2069 ,
860 2006 920 2061 in
932 2004 1098 2082 lepido
1112 2006 1231 2060 loco
1248 2047 1261 2068 ,

103 2083 309 2139 Inlecto
337 2082 499 2160 lepide
516 2083 663 2140 strato
680 2128 695 2151 ‚
722 2083 939 2162 lepidam
953 2082 1219 2138 mulierem

11 2252 57 2293 in
66 2257 345 2339 -corrlimeatum
359 2248 400 2289 δι
411 2245 616 2303 sumptum
627 2246 759 2290 stcum
768 2247 877 2289 ferre.

23 2309 58 2345 1.
83 2308 143 2343 Ga
165 2332 174 2340 .

69 2365 134 2395 68.
167 2356 285 2395 Videre
297 2383 308 2400 ,
337 2354 435 2410 θα]
476 2352 671 2397 Submiss'a
693 2368 789 2398 voce
809 2356 872 2397 lo-

16 2412 161 2464 quitux.
191 2410 344 2448 Taubm.

69 2474 132 2508 70.
151 2466 187 2501 It
207 2466 252 2502 ad
271 2479 327 2502 me
346 2461 533 2516 lucrum]
568 2467 688 2502 Varto
710 2476 720 2499 ε
757 2466 872 2516 Qod

18 2516 130 2567 usque
147 2519 236 2555 idem
248 2518 302 2561 it,
327 2519 421 2569 quod
433 2519 468 2555 in
478 2519 601 2570 aliquo
623 2517 768 2569 consistit
787 2532 868 2572 pre·

21 2570 125 2606 tium.
149 2573 239 2609 idem
254 2573 364 2622 usique
375 2574 405 2608 it
417 2597 429 2612 ,
460 2571 612 2610 dietum
625 2574 685 2610 vel
697 2573 745 2610 de
770 2578 866 2611 Prae—

19 2635 133 2665 cone,
144 2626 212 2676 qui
223 2623 364 2676 semper
374 2634 544 2677 vagatur,
556 2626 684 2664 donec
703 2628 864 2664 invene-

21 2676 92 2719 rit,
105 2677 145 2716 in
155 2690 237 2729 quo
248 2677 421 2716 consistat
434 2681 619 2731 pretium:
634 2680 694 2718 vel
706 2679 752 2717 de
765 2693 864 2718 rner-

19 2729 125 2773 cede,
146 2742 228 2780 quae
239 2728 382 2783 semper
408 2730 657 2786 ’emta-rondffl,
692 2734 863 2772 &incei-

19 2790 58 2821 ta
71 2782 135 2826 est,
147 2784 270 2822 donec
281 2783 322 2822 in
335 2796 383 2823 eo
395 2798 585 2839 mancupe
597 2786 781 2829 confistit‚
796 2789 865 2840 qui

46 2835 244 2875 unionem
258 2837 421 2876 evicerit.
460 2843 555 2892 Qo
578 2842 620 2881 in
646 2840 866 2891 significatu

20 2889 180 2928 Plautus
194 2889 305 2932 dicit,
322 2895 355 2927 lt
369 2892 413 2927 ad
424 2906 478 2929 me
489 2895 640 2932 lucrum.-
654 2895 865 2941 nimirum,

21 2951 65 2982 ut
78 2943 118 2981 in
129 2941 366 2983 eoconfistat
379 2945 416 2982 δι
428 2945 607 2997 quiescat.
636 2949 764 2998 Scalig.

72 3008 135 3041 71.
175 2997 359 3050 ⁴Quorsum
392 2998 503 3048 asinus
539 3003 634 3038 cadit
658 3002 820 3040 calcibus.
843 3001 864 3054 Ἰ

54 3047 158 3092 finus
179 3050 380 3098 fexociens
397 3055 628 3105 xeuojastat
642 3056 772 3096 calces.
813 3057 870 3095 si-

1611 2154 1661 2209 C
1666 2177 1778 2211 om-

917 2249 1077 2302 gnificat
1088 2248 1381 2303 igitur,lucrum
1392 2258 1477 2286 non
1490 2243 1712 2298 provexsum
1726 2247 1777 2287 ad

919 2308 1069 2356 Lycum
1082 2305 1232 2343 iturum
1250 2329 1260 2344 ‚
1289 2301 1350 2342 sed
1364 2303 1489 2341 vetius
1502 2299 1713 2340 retrotsum
1726 2300 1775 2339 ab

916 2358 1061 2398 eodem
1073 2354 1341 2397 abscessurum.
1378 2354 1586 2393 Taubman.

972 2425 1037 2461 77.
1071 2415 1117 2448 ιΛ
1132 2410 1294 2464 Μαρέῃ]
1324 2408 1512 2450 Parafitos
1524 2409 1562 2446 &
1575 2405 1776 2454 eiusmodi

914 2478 1035 2517 nugas
1050 2466 1267 2505 homiuum
1281 2490 1292 2505 ‚
1324 2466 1395 2518 qui
1414 2464 1552 2502 alienis
1580 2465 1776 2502 conviviis

914 2531 997 2558 non
1012 2522 1140 2559 vocati
1155 2518 1489 2571 superveniebant,
1503 2517 1627 2556 facete
1638 2518 1773 2565 musian-

912 2584 1116 2613 vocarunt.
1130 2578 1187 2611 lta
1200 2574 1478 2624 interpretandi
1495 2572 1535 2610 hi
1548 2569 1686 2615 versus,
1700 2573 1772 2620 qui

911 2624 1061 2679 plerisq5
1077 2625 1662 2680 aeniginavidentut.Qaerebat
1674 2627 1773 2663 ado-

912 2679 1058 2720 lescens
1071 2681 1265 2734 hospitium
1277 2680 1301 2718 ιὶ
1312 2679 1448 2727 muscis,
1462 2684 1499 2719 id
1511 2681 1564 2719 est
1575 2707 1585 2724 ,
1598 2680 1770 2718 liberum

913 2735 960 2772 ab
971 2734 1121 2774 arbitris
1133 2738 1172 2774 ὅ(
1190 2735 1527 2773 adventoribus.id
1539 2735 1647 2773 enim
1662 2731 1769 2784 supra

913 2790 1303 2828 Advocatidixerant.
1326 2789 1446 2827 Addit
1465 2789 1607 2827 deinde
1627 2789 1769 2826 ludens

913 2842 960 2882 de
969 2855 1124 2882 carcere.
1139 2856 1232 2880 nam
1245 2853 1348 2882 certe
1363 2845 1403 2881 in
1415 2855 1602 2881 carcerem
1618 2843 1766 2892 peticu-

911 2896 998 2935 lum
1011 2909 1093 2935 non
1106 2906 1185 2935 erat
1196 2923 1206 2939 ,
1231 2898 1357 2948 nequi
1382 2898 1588 2935 invocatus
1605 2896 1767 2938 veniret,

912 2952 1140 2989 Invenioita
1161 2951 1370 2988 locutos&
1386 2953 1554 2988 Graecos.
1583 2950 1735 3000 Lipfius.

968 3012 1027 3042 81.
1061 3006 1245 3043 „Antiocho
1256 3005 1385 3056 ocula]
1415 3007 1544 3042 Gxaeca
1559 3002 1688 3040 fabula
1715 3012 1766 3037 eo

909 3066 1085 3111 tempore
1096 3055 1229 3110 scripta
1249 3057 1324 3101 est,
1357 3071 1441 3111 quo
1463 3056 1685 3097 Antiochus
1704 3066 1765 3091 re·-

1043 3115 1134 3166 (υ
1667 3119 1764 3161 gna·
