2064 3718
495 169 582 212 iu
653 154 1330 215 MERcAToREM.
1645 176 1748 232 127

71 243 167 292 Nisi
182 243 345 295 ilianca
360 264 430 294 me
445 249 662 297 scelestam
675 252 879 317 abigam:
902 270 957 300 eo
971 253 1180 300 domum.
1214 252 1299 298 Li'r.
1315 249 1417 296 hera
1432 249 1541 321 abit.
1702 316 1709 322 ·

67 310 144 354 Ρε.
159 312 294 367 Hem,
310 311 397 358 abit
415 321 427 357 Ξ
443 314 679 375 compella.
712 320 799 363 LY.
815 318 1031 378 Dorippa,
1046 317 1261 377 Dorippa.
1299 318 1392 360 Do.
1414 315 1519 376 quid
1534 313 1748 363 molestiae

63 372 168 417 Hoc
179 372 261 418 est?
276 378 375 436 quis
389 391 461 420 me
475 392 650 423 revocat
668 387 682 424 ?
718 381 792 426 1³2.
807 394 899 426 non
913 379 1009 427 sum
1024 378 1233 424 molesta:
1260 376 1331 424 sed
1345 375 1610 424 benevolens
1626 409 1639 430 ‚

67 436 125 479 Et
137 435 330 482 amicare
343 453 443 482 com
451 438 580 500 pellat
593 453 668 488 tua
682 442 934 490 Peristrata:
962 457 1092 488 mane
1107 457 1204 503 quae
1212 441 1272 486 so.
1412 502 1419 509 ι

0 502 18 538 ι’.
32 510 48 555 5
71 498 162 541 Do.
178 500 298 545 Hem
312 499 541 547 Peristrata
555 533 568 553 ,
596 516 638 548 te
654 504 727 564 pol
744 521 836 552 non
853 521 1008 552 noram
1027 522 1038 550 t
1068 505 1182 550 mala
1195 503 1291 550 bilis
1305 518 1469 551 cruciat

68 562 147 604 Me
161 575 292 621 atque
305 563 514 626 exagitat.
549 567 624 611 Ρε.
639 566 747 614 istuc
760 568 883 622 volo,
897 567 1061 631 quaesO,
1079 583 1132 612 ne
1148 583 1282 630 neges
1295 598 1308 620 ,

68 621 136 666 Te
149 624 294 669 audivi
310 630 470 673 modo:
496 626 564 673 dic
577 629 706 682 mihi,
723 646 819 693 quae
833 645 876 678 te
889 647 1004 678 nunc
1019 629 1153 685 habet,
1164 628 1395 683 solicitudo
1413 639 1428 677 ?
1653 693 1665 700 ι

59 684 155 729 Do.
167 686 395 735 Peristrata
409 726 422 745 ‚
450 689 505 736 fic
517 689 560 737 di
573 692 650 738 tibi
665 694 843 742 unicum
855 705 1043 759 gnatum
1056 693 1280 756 sospitent,
1295 693 1349 740 da·
1362 692 1474 741 mihi
1485 692 1719 759 benignius

0 802 1 807 ¹
162 803 164 805 ¹
328 768 512 813 operam
529 785 542 806 ,

69 809 210 858 Nulla
222 812 314 860 dari
328 815 440 861 mihi
453 817 616 879 poterit
629 818 786 866 melius
798 833 812 863 2
835 834 912 879 par
925 817 988 868 est
1001 834 1130 868 zetas:
1159 836 1247 867 una
1259 820 1477 869 crevimus
1494 852 1508 874 ‚

8 883 52 915 *0
71 875 198 920 Pares
217 891 344 924 aetate
357 877 574 927 habemus
588 882 729 929 viros:
758 883 864 929 nulli
881 884 1114 946 colloquor
1128 883 1364 930 lubentius.

70 937 287 985 Sollicitor
303 942 464 987 merito
480 942 677 1003 quidem,
692 945 797 1008 quid
813 945 892 991 tibi
904 948 1041 993 animi
1055 945 1138 992 esse
1152 963 1268 993 nune
1282 946 1436 1010 poffiet
1450 970 1466 1001 ,ι

68 1000 110 1044 Si
125 1002 314 1048 amicam
329 1003 410 1050 hac
423 1014 549 1051 ae'tate
563 1022 662 1054 ante
678 1009 835 1055 oculos
846 1023 945 1056 tuus
959 1009 1187 1056 adduxerit
1204 1009 1432 1071 Demipho
1449 1020 1466 1057 ἔ
1624 1051 1631 1058 .
1666 1074 1674 1081 ²

63 1065 140 1109 Ρε.
156 1064 382 1113 Adduxit?
417 1065 712 1117 Do.·fastum.
749 1073 827 1118 Ρε.
840 1070 966 1118 domi
978 1072 1069 1119 est?
1103 1075 1198 1119 Do.
1212 1074 1360 1120 domi:
1384 1076 1531 1120 imm'o
1543 1089 1675 1136 coqui
1694 1137 1702 1144 ·

63 1126 312 1175 Conduffi:
338 1128 574 1191 parabatur
587 1133 858 1184 convivium,
873 1137 918 1181 ni
932 1151 1057 1182 meus
1071 1135 1341 1184 disturbasset
1353 1137 1564 1184 adventus
1578 1153 1746 1184 omnia.

9 1196 13 1219 '-
27 1203 43 1248 5
64 1192 219 1235 Senem
235 1191 446 1238 miserum
461 1195 611 1242 Venus
624 1200 667 1242 &
684 1196 861 1258 Cupido
872 1198 1012 1244 alieno
1027 1197 1126 1244 satis
1139 1214 1297 1245 vexant
1310 1214 1531 1260 tempore.

61 1252 232 1299 Ρε.ὃε(1
244 1252 322 1300 ista
334 1254 441 1301 levia
455 1254 580 1308 sunt,
614 1259 830 1320 Dorippa.
869 1261 1040 1307 utinam
1055 1276 1145 1306 non
1161 1276 1245 1323 ego
1259 1260 1392 1308 essem
1420 1262 1650 1308 miserior!

62 1318 155 1360 Do.
170 1317 296 1361 Levia
308 1322 327 1360 ?
362 1319 436 1362 1³2.
452 1317 560 1363 levia
573 1319 770 1381 quidem.
811 1326 903 1368 Do.
917 1338 1015 1385 quae
1030 1324 1181 1384 pejora
1195 1323 1272 1369 tibi
1289 1339 1391 1371 tuus
1406 1323 1565 1370 faceret
1578 1330 1599 1367 ?

65 1379 311 1424 Pia-Immo
325 1379 548 1441 pejoribus
561 1382 729 1444 pejora.
771 1386 863 1431 Do.
878 1384 1103 1446 quaeistaec
1117 1385 1244 1432 sunt?
1271 1385 1417 1449 quaeso
1431 1389 1639 1451 loquere:

64 1442 133 1486 Ut
147 1456 194 1487 tu
210 1441 335 1496 mihi,
350 1457 437 1508 ego
454 1442 552 1496 tibi,
568 1461 665 1506 quae
680 1445 800 1493 fasto
814 1464 923 1511 opus
936 1447 1035 1495 sunt
1046 1448 1202 1495 demus
1217 1449 1466 1497 consilium.

19 1518 46 1546 0
66 1504 258 1550 Vetuszid
271 1504 440 1550 dhstum
457 1504 520 1550 est
535 1536 548 1557 ‚
584 1511 850 1558 Ffflmrm
883 1513 919 1560 is
932 1510 1057 1573 sapit,
1083 1511 1159 1573 qui
1177 1512 1377 1574 periculo
1391 1515 1534 1560 alieno
1551 1513 1678 1574 sapit.

61 1567 137 1611 Ρε.
154 1567 321 1613 Unicus
337 1566 463 1616 mihi,
479 1571 695 1633 Dorippa,
710 1572 774 1620 est
786 1589 972 1637 gnatus:
998 1574 1074 1622 scis
1092 1585 1104 1622 ἓ
1140 1577 1237 1620 Do,
1265 1576 1370 1623 seio.
1405 1580 1480 1623 Pe.
1493 1577 1612 1623 hunc
1624 1591 1746 1640 pate!

55 1629 182 1674 Olim
198 1630 224 1674 a
239 1629 278 1674 se
292 1629 472 1676 extrusit
486 1632 725 1681 Rhodumf
755 1639 846 1684 Do.
862 1648 1027 1701 quare?
1063 1641 1136 1684 PE.
1153 1641 1367 1700 quoniam
1382 1656 1567 1686 amaret.

54 1694 152 1737 Do.
168 1692 243 1738 Ob
255 1691 297 1738 id
308 1693 352 1755 ip
360 1692 453 1755 sum
471 1703 486 1740 ³⁴
501 1698 572 1742 PE.
585 1697 628 1744 id
641 1698 822 1761 quidem
836 1719 955 1750 nunc
968 1715 1167 1765 quoque,
1182 1719 1323 1764 quom
1338 1703 1540 1750 ancillam
1554 1701 1750 1752 domum·

59 1753 329 1808 Adduxisset,
347 1755 459 1803 hanc
470 1757 695 1807 resciscens
710 1778 830 1824 pater
846 1765 1073 1827 produxit,
1087 1766 1285 1812 venalem
1302 1766 1504 1829 praebuit.

25 1832 40 1877 5
63 1819 158 1862 Do.
171 1822 274 1864 Atat
288 1820 391 1864 novi
409 1839 420 1867 :
442 1837 596 1868 verum
610 1823 779 1873 dixerat
794 1826 925 1876 filius:
939 1845 1024 1891 ego
1039 1829 1188 1875 mariti
1203 1831 1391 1876 amicam
1407 1828 1620 1893 putabam
1637 1832 1743 1877 mei0

63 1880 189 1942 Qoi
203 1879 301 1927 data
319 1881 410 1927 est?
445 1887 519 1930 PE.
535 1885 622 1932 seni
636 1889 848 1948 quoidam
864 1892 908 1938 in
923 1891 1006 1938 hac
1019 1892 1164 1938 amico
1178 1893 1347 1939 vicinia.

58 1941 206 1988 Credo
219 1942 289 1989 hic
301 1944 438 1992 alium
456 1978 469 1998 ,
497 1956 652 2009 praeter'
666 1957 813 2004 tuum,
829 1955 1022 2001 amicum
1037 1953 1197 2001 habere
1214 1958 1458 2002 neminem.

54 2006 147 2050 Do.
165 2008 226 2051 Ea
239 2006 420 2069 quidem
433 2008 512 2055 est.
525 2010 630 2072 quid
646 2011 781 2060 filius?
798 2016 1033 2064 Pe.urben1
1049 2016 1161 2061 hanc
1175 2017 1216 2062 se
1229 2017 1502 2064 deserturum
1516 2032 1744 2065 autumat.v

59 2069 154 2112 Do.
169 2070 220 2114 In
238 2068 370 2131 portfi
385 2087 452 2118 res
466 2072 542 2118 est.
562 2072 669 2135 quid
680 2074 709 2120 fi
724 2075 937 2124 invenerit
955 2087 970 2126 ,ἒ
1003 2083 1079 2126 Pa.
1094 2079 1352 2126 mansurum
1367 2081 1558 2128 credito..

16 2145 45 2174 ο
62 2134 152 2176 Do.
168 2133 324 2178 Praeter
339 2131 458 2193 spem
470 2135 592 2181 salvae
605 2135 773 2192 sumus,
789 2156 842 2186 ne
854 2141 1027 2189 dubita:
1052 2144 1166 2203 apud
1181 2155 1255 2188 me
1269 2159 1320 2190 ea
1339 2142 1418 2190 est.

56 2194 131 2238 PE.
147 2194 277 2253 Apud
292 2206 352 2241 te?
365 2212 415 2242 ea
427 2213 517 2243 erat
530 2199 710 2259 opinor,
723 2201 777 2248 de
790 2203 881 2264 qu&
893 2205 1017 2267 loqui
1032 2220 1074 2251 te
1087 2205 1233 2252 aud-ivi
1248 2206 1404 2252 modo.

51 2257 148 2301 Do.
169 2258 245 2302 Ea.
282 2261 356 2304 Ρε.
372 2258 402 2304 ὂ
414 2258 584 2306 faustum
598 2261 725 2310 bene.
750 2267 914 2312 merito
930 2283 971 2314 te
983 2284 1110 2322 am0‚÷
1122 2268 1346 2316 restituisti
1361 2271 1522 2318 filium.

52 2319 136 2365 Fac
149 2319 333 2367 videam.
369 2324 462 2368 Do.
478 2339 628 2371 eamus
641 2325 781 2374 intro.-
816 2331 895 2376 Pe.
910 2346 1078 2380 eamus.
1102 2329 1264 2394 Lycissa
1277 2333 1379 2380 ades
1395 2365 1410 2386 ‚

52 2381 324 2431 Acantkrioni
336 2382 428 2432 haec
440 2387 597 2435 nuncia
610 2397 624 2434 :⁴
647 2405 733 2454 ego
748 2391 804 2439 ad
816 2394 1068 2457 Doripparn
1081 2392 1172 2444 huc-
1181 2396 1234 2443 d'e
1241 2410 1431 2444 vortam.

280 2538 525 2600 Ac‘rus
596 2548 904 2630 QARm'
955 2554 1202 2611 SCENA
1263 2553 1516 2613 SEXTA„-

677 2705 1051 2756 SYRA.

58 2791 150 2916 E
159 2791 337 2853 Castor
350 2799 460 2876 lege
473 2802 596 2858 dura
607 2803 778 2862 vivunt
790 2806 1023 2868 mulieres
1036 2852 1053 2876 ‚

169 2873 441 2951 Multoque
453 2881 705 2957 iniquiore
718 2881 919 2953 miserae,
936 2910 1090 2966 quam
1106 2888 1214 2949 viri.

59 2947 200 3002 Nam
219 2947 253 3004 fi
271 2955 339 3006 vir
352 2953 565 3012 scortum
581 2958 724 3017 duxit
738 2961 868 3018 ciam
891 2986 1107 3026 uxorem
1121 2971 1257 3029 suam·
1267 3010 1288 3036 ‚

55 3025 118 3079 Id
141 3023 179 3082 sr
195 3025 379 3088 rescivit
396 3050 525 3088 uxor
544 3070 561 3100 ,-
587 3037 799 3115 impu-ne
815 3042 884 3100 est
900 3045 1020 3102 viro.

19 3124 27 3459 ἱ
1574 3125 1732 3186 Uxor

24 3461 31 3718 1
