2005 3686
519 113 1312 172 Ac-rusI.ScENAL
1671 110 1795 182 2307

35 210 105 280 '15
124 204 254 262 Viris
267 204 352 282 qui
364 221 518 262 tantas
531 200 813 262 absentibus
826 205 1007 265 nostris

119 285 225 338 Faci
232 284 307 338 tin
312 286 455 358 jurias
467 285 727 339 immerito
741 324 756 350 ‚

124 358 334 436 Nosque
348 361 412 416 ab
429 361 503 416 his
516 362 758 418 abducere
768 358 890 417 volt.

119 439 216 492 Hae
230 456 303 492 tes
318 441 426 493 vitae
440 459 524 493 me
540 480 554 502 ‚
587 441 754 504 soror,
794 436 1034 496 satutant:

118 515 214 568 Hae
230 514 355 569 mihi
373 518 562 572 dividiae
576 523 629 573 &
647 517 779 573 senio
797 517 916 572 sunt.

35 609 104 645 20
119 593 210 646 PA.
231 594 350 650 Neu
365 595 582 650 lacruma
599 637 614 662 ,
647 596 814 662 sotot3
855 614 954 649 neu
968 596 1119 652 tuoid
1136 592 1314 650 animo

115 671 208 724 Fac
223 710 238 731 ,
267 673 408 744 quod
425 673 515 728 tibi
527 691 637 729 tuus
648 692 781 749 pater
797 671 960 727 facere
979 675 1214 730 minatur.

111 747 237 821 Spes
254 748 321 802 est
331 769 447 804 eum
463 750 640 807 melius
656 751 915 806 facturum.

112 825 364 901 Noviego
379 829 518 883 illum
546 849 559 882 :
598 829 722 883 istaec
735 828 911 904 joculo
925 827 1072 883 dicit:

110 903 299 978 Neque
313 904 395 960 ille
410 905 499 960 sibi
517 925 702 962 mereat
717 904 964 961 Persarum

19 993 55 1034 ‘2
61 999 89 1053 5
113 982 325 1037 Montes
341 1023 358 1045 ,
381 986 469 1058 qui
482 983 574 1040 esse
586 985 717 1040 aurei
731 983 1090 1060 perhibentur,

110 1058 203 1113 Uti
216 1058 335 1115 istuc
349 1059 493 1116 faciat
510 1102 525 1124 ‚
563 1064 702 1137 quod
718 1083 769 1117 tu
786 1063 983 1117 metuis·

106 1136 312 1192 Tamen
329 1138 364 1192 fi
382 1137 523 1194 faciat
537 1181 551 1202 ‚
575 1143 805 1194 minume
819 1136 954 1194 irasci

105 1214 270 1269 Decet
297 1235 308 1269 :
350 1237 518 1290 neque
531 1219 583 1273 id
597 1220 858 1272 immerito
877 1215 1089 1273 eveniet.

107 1292 248 1345 Nam
266 1294 354 1348 viri
368 1295 523 1350 nostri
535 1296 700 1350 domo
717 1313 770 1350 ut
783 1295 1012 1349 abierunt
1031 1338 1046 1358 ‚

20 1386 90 1439 30
107 1368 210 1423 Hic
223 1373 392 1426 tertius
401 1393 575 1429 annus.
612 1377 686 1429 P1.
700 1376 764 1427 ita
777 1391 832 1427 ut
845 1388 1113 1426 memoras·

103 1447 199 1500 ΡΑ.
217 1446 358 1502 Cum
371 1447 459 1524 ipfi
476 1451 664 1506 interea
675 1452 838 1506 vivant
854 1489 870 1512 ,
892 1448 1087 1506 valeant
1104 1468 1120 1513 3

99 1521 211 1579 Ubi
222 1521 319 1579 fint
332 1565 347 1588 ,
376 1527 500 1599 quid
517 1545 663 1602 agant
677 1566 694 1589 ,
732 1529 914 1602 ecquid
928 1543 1077 1601 agant
1096 1567 1111 1588 ‚

96 1601 286 1675 Neque
300 1604 595 1680 participant
609 1624 704 1660 nos
720 1645 737 1669 ,
764 1624 933 1680 neque
950 1604 1176 1658 redeunt.

96 1680 173 1733 ΡΙ.
192 1681 277 1733 An
295 1682 343 1733 id
359 1682 499 1737 doles
513 1721 528 1745 ,
549 1681 686 1737 soror
698 1723 715 1746 ,
746 1684 864 1758 quia
876 1681 944 1737 illi
958 1679 1100 1736 suum
1115 1678 1351 1735 officium

10 1756 38 1828 '3
54 1777 80 1829 5
101 1757 233 1810 Non
249 1758 423 1814 colunt
438 1800 454 1823 ,
485 1780 602 1815 cum
614 1778 757 1816 tuum
774 1760 921 1816 facis?
963 1760 1056 1816 PA.
1070 1761 1135 1814 ita
1146 1757 1250 1836 pol.
1297 1787 1300 1789 Α

99 1835 173 1888 ΡΙ.
186 1835 328 1889 Tace
342 1835 399 1890 fis
416 1857 428 1889 :
457 1856 575 1893 cave
588 1837 646 1892 fis
657 1839 856 1892 audiam
870 1857 970 1913 ego
983 1836 1105 1891 istuc
1122 1858 1138 1902 3

100 1911 241 1965 Cave
260 1953 273 1975 ,
300 1913 507 1987 posthac
524 1933 585 1969 ex
601 1932 663 1970 te.
706 1916 803 1969 ΡΑ.
815 1934 935 1968 nam
950 1914 1152 1989 qtfijam
1169 1927 1187 1967 ἓ

99 1989 171 2044 ΡΙ.
188 1990 748 2124 Οὲιὶειροίῐῃεοειηὶιῃο
787 1992 994 2047 ΟΜΝ
1014 1993 1099 2046 ES
1138 1991 1171 2045 S
1191 1988 1293 2043 ΑΡ
1313 1987 1630 2043 IENTES

98 2069 132 2122 S
151 2067 204 2123 U
291 2071 355 2123 M
394 2070 449 2124 O
469 2072 500 2123 F
517 2072 552 2123 F
566 2074 585 2123 1
600 2070 647 2124 C
667 2076 686 2124 1
704 2070 842 2127 UM
880 2088 1086 2144 aequom
1106 2067 1176 2123 est
1192 2066 1356 2120 colere
1380 2109 1392 2129 ‚
1434 2070 1485 2119 &
1500 2063 1676 2120 facere.

39 2163 83 2199 ·o
101 2146 460 2223 Qainobrem
473 2166 571 2223 ego
587 2164 634 2202 te
651 2147 753 2203 hoc
773 2187 790 2212 ,
817 2145 956 2202 sotor
969 2187 984 2210 ,
1012 2143 1206 2201 tametsi
1217 2164 1267 2200 es
1283 2149 1473 2220 major,
1696 2192 1707 2197 ,

1535 2223 1743 2277 Moneo
1757 2257 1775 2281 2

66 2342 130 2382 ις’.
170 2338 374 2389 Umida]
390 2342 435 2377 V.
453 2342 507 2378 N.
520 2338 696 2380 Bacchid.
713 2345 795 2385 4.6.
811 2339 873 2379 Se-
913 2339 1049 2380 dinem
1061 2339 1238 2380 adferret.
1280 2342 1373 2379 Haec
1383 2350 1472 2381 vera
1489 2337 1672 2387 esthujus
1692 2334 1776 2377 loci

33 2389 103 2445 im]
135 2392 180 2430 1d
191 2393 266 2438 est,
300 2392 419 2433 taedio
432 2394 472 2433 &
492 2395 604 2434 odio.
626 2400 721 2433 Nan.
753 2397 801 2434 V.
814 2398 868 2435 N.
911 2393 1115 2434 sententia.
1147 2397 1320 2432 Boxhorn.

31 2445 81 2484 ἃ.
101 2458 136 2483 2.
155 2458 191 2483 ι.
964 2453 1199 2492 29.Domout
1209 2445 1531 2499 abierunt.]Haud
1543 2445 1772 2485 dubieallu-

64 2512 128 2538 20.
158 2505 240 2537 Neu
251 2510 310 2537 tuo
333 2501 370 2537 id
388 2499 546 2554 animm]
582 2504 678 2540 Non
691 2515 865 2555 percepe-
910 2502 957 2541 fit
971 2503 1016 2540 ad
1028 2504 1232 2554 antiquam
1246 2505 1388 2554 legem,
1401 2515 1480 2552 qua
1493 2511 1643 2540 certum
1657 2511 1770 2545 >tem-³

28 2561 99 2590 unt
121 2554 247 2592 Plauti
271 2565 445 2594 mentem
467 2557 706 2605 interpretes.
757 2561 864 2595 Pater
911 2570 980 2608 pus
995 2555 1173 2596 absentiae
1186 2555 1583 2597 vitifuitdefinitum-
1611 2553 1767 2593 Sanefi·

43 2607 117 2643 ltro
130 2618 222 2658 aegte
236 2609 274 2645 ὅ(
291 2610 391 2647 male
402 2609 537 2653 facere,
553 2609 729 2662 filiasque
745 2611 763 2648 a
778 2622 860 2649 ma·
911 2610 1113 2662 milequid
1128 2613 1174 2650 de
1183 2623 1287 2664 patre
1297 2608 1452 2649 absente
1461 2610 1627 2648 relatum
1643 2610 1683 2647 in
1706 2609 1768 2654 ju-

29 2658 92 2696 itis
106 2658 324 2699 absentibus
333 2661 533 2707 abducere,
548 2662 708 2714 aliisque
722 2666 761 2704 in
780 2677 861 2703 ma·
907 2676 943 2703 re
955 2664 1019 2708 est,
1036 2668 1078 2704 in
1093 2667 1167 2717 leg.
1184 2679 1243 2703 10.
1270 2668 1321 2703 D.
1339 2666 1386 2703 de
1399 2667 1494 2704 Ritu
1510 2665 1762 2716 Nupt.⁶Boxh·

28 2712 245 2751 timonium
258 2713 345 2752 dare
365 2718 602 2756 minabatur.
620 2719 786 2757 Dixerat
800 2719 859 2757 Pi·
959 2730 1022 2760 30.
1045 2721 1115 2757 Hic
1153 2723 1279 2757 tertius
1310 2717 1469 2770 annus.]
1500 2722 1642 2757 Utrum
1667 2713 1768 2765 ejus-

43 2765 258 2809 aciutmeas
268 2780 324 2806 res
337 2770 423 2808 vitae
434 2768 468 2808 se
479 2768 640 2810 saturare
655 2797 667 2816 ‚
691 2773 731 2810 &
751 2769 859 2811 senio
908 2772 1024 2812 modi
1041 2770 1212 2812 absentia
1229 2774 1450 2826 legitimam
1471 2770 1640 2811 caussam
1670 2784 1762 2825 ptae·

44 2818 137 2856 biae
148 2819 300 2858 dividiae
312 2822 385 2860 effe
397 2849 408 2867 ,
432 2825 557 2863 animi
568 2823 625 2865 sui
638 2825 793 2864 dolores
807 2826 859 2863 la·
906 2828 976 2864 stet
995 2827 1169 2871 divortii,
1185 2826 1355 2880 disputat
1368 2831 1590 2866 Hotoman.
1605 2829 1664 2865 De
1678 2829 1759 2866 Rit.

33 2870 334 2921 hrymistestata.
368 2880 508 2915 Monet
522 2891 615 2930 ergo
636 2892 721 2917 eam
739 2882 856 2917 Pane·
905 2883 1025 2932 Nupt.
1036 2893 1117 2932 cap.
1131 2893 1196 2923 24.

33 2926 131 2974 yris3
160 2927 382 2976 nequerelis
400 2939 465 2967 aut
478 2931 687 2981 lachrymis
710 2930 744 2971 se
759 2934 838 2972 affli
948 2947 1013 2978 40.
1042 2936 1197 2986 Tamerfi
1207 2949 1240 2971 es
1253 2933 1407 2987 major]
1426 2936 1541 2975 Acad.
1570 2943 1686 2971 tamen
1698 2934 1760 2983 etfi

34 2988 125 3023 eretj
149 2991 242 3017 neve
253 2983 537 3032 proptcrirtitas
555 2983 655 3023 forte
675 2987 714 3024 ὃς
741 2999 858 3025 vanas
898 3003 933 3025 es
945 2989 1074 3040 mqjor.
1096 2991 1230 3041 Qam
1245 2991 1474 3040 particulam
1492 2991 1529 3027 &
1543 2990 1635 3026 alibi
1649 2989 1757 3026 Plau-

17 3033 287 3084 ·atrisminaffi
313 3045 458 3074 certam
471 3038 607 3077 animo
618 3037 690 3080 suo
704 3041 859 3093 aegxitu-
895 3053 938 3081 to
949 3042 1409 3084 doetivirixestituexunt.
1438 3043 1649 3082 Gronovim.

1042 3097 1111 3140 (ἑο
1129 3108 1157 3141 4
1592 3107 1654 3140 43.
1683 3097 1761 3135 Nos
