2064 3718
471 165 1388 224 Ac‘rusV.ScENAIII.
1710 181 1814 237 135

1504 258 1573 293 Mffl
1601 258 1733 295 parentis
1752 264 1818 286 me·-

176 263 479 324 Utvaluisti?
516 264 639 339 quid
658 281 885 342 parentes
898 265 1001 320 mei
1014 264 1180 321 valent
1205 266 1228 316 ?
1256 280 1402 317 coena
1501 303 1677 328 „mmm
1695 294 1776 326 dati,

399 340 610 398 dabitur.

176 421 311 475 Bene
326 438 477 475 vocas
492 459 506 481 ‚
538 419 758 495 benigne
773 420 892 476 dicis
917 442 931 476 t
970 438 1070 476 cras
1083 417 1215 495 apud
1230 434 1280 473 te
1297 456 1313 480 ‚
1345 435 1484 472 nunc
1498 413 1662 469 domi.

176 498 254 552 Sic
266 498 438 560 decet,
479 496 545 554 [ic
560 495 665 552 fieri
680 516 898 572 oportet.
935 500 1023 554 Ev.
1037 496 1139 553 eho
1154 536 1170 561 ,
1193 514 1305 570 quae
1321 513 1377 550 tu
1387 487 1631 550 somnias!

61 597 80 633 r
96 599 114 632 r
125 599 158 634 0
174 578 275 631 Hic
288 576 453 630 homo
470 594 579 629 non
594 575 732 630 sanus
745 576 826 632 est.
844 577 953 633 CH.
965 575 1200 632 medicari
1213 573 1403 629 amicus
1418 571 1543 650 quin
1554 578 1816 649 properas?

170 656 260 711 Ev.
283 656 500 730 Sequere
526 651 602 708 fis,
636 653 744 708 CH.
773 653 967 730 sequor.
1002 653 1376 710 Ev.clernenter
1420 647 1586 727 quaeso
1603 686 1619 712 ‚
1656 643 1814 703 calces

394 733 585 786 deteris,
1201 783 1203 786 ,

144 873 150 878 ,
168 808 358 865 Audin'
375 822 458 865 tu?
504 805 912 883 CH.jamdudum
925 809 1106 865 audivi.
1129 809 1214 863 ἓν.
1227 825 1401 884 pacem
1417 801 1666 881 componi
1678 796 1801 855 volo

165 889 297 943 Meo
307 886 432 964 patri
449 905 567 940 cum
584 903 768 940 matre:
793 906 913 940 nam
928 908 1064 943 nunc
1078 886 1145 942 est
1156 888 1289 940 irata.
1328 885 1441 939 CH.
1465 885 1481 936 i
1507 880 1689 936 modo,

162 963 652 1041 Ev.PropteristanC.
698 964 833 1019 CH.i
851 967 1036 1021 modo.
1057 968 1145 1021 Ev.
1166 983 1286 1040 ergo
1303 981 1431 1019 cura.
1474 960 1583 1015 CH.
1598 958 1724 1034 quin
1742 973 1799 1014 tu
1846 1016 1851 1023 A

385 1061 505 1117 ergo
522 1042 539 1095 i
556 1042 732 1096 modo.

45 1137 64 1173 1
86 1138 105 1172 1
119 1142 143 1195 5
164 1119 302 1174 Tam
315 1120 585 1195 propitiam
602 1120 809 1174 reddam
823 1158 839 1182 ‚
867 1138 1023 1195 quam
1038 1138 1154 1175 cum
1169 1119 1384 1197 propitia
1402 1111 1756 1194 estJunoJovi.

88 1237 175 1265 110.
206 1225 384 1263 Medicari
404 1224 574 1278 amica]
612 1226 652 1265 Si
674 1237 757 1265 non
777 1222 890 1264 sanus
938 1225 1039 1263 Mira
1063 1224 1196 1263 decori
1215 1223 1431 1264 observatio
1454 1223 1533 1267 est3
1562 1220 1632 1260 ubi
1656 1220 1798 1260 Chari-

34 1274 145 1318 sum:
171 1289 314 1319 cuttu,
346 1280 650 1330 quiteamicum
667 1279 885 1330 profiteris,
935 1288 1032 1319 nus,
1057 1279 1147 1318 cui,
1180 1287 1224 1317 ut
1237 1279 1430 1320 amatori,
1456 1287 1516 1315 res
1545 1285 1688 1313 omnes
1720 1287 1796 1325 pro

32 1332 137 1372 mihi
173 1345 257 1371 non
291 1331 438 1371 mederi
474 1334 676 1384 properas?
707 1334 884 1384 ‘Properas
933 1325 1530 1383 spiffovidebanturpxocedere‚
1552 1327 1601 1366 ad
1620 1328 1793 1368 amicam

31 1396 166 1424 autern
188 1385 527 1437 pronuntiandum
558 1390 614 1436 ug*
645 1384 879 1430 suumn-Lu),
930 1383 972 1421 in
987 1384 1085 1423 aedes
1105 1383 1245 1424 festine
1275 1384 1398 1424 nimis
1418 1382 1582 1423 introire
1602 1381 1790 1433 gestiens.

25 1448 186 1491 propras.
211 1441 366 1477 Camer.
931 1434 1123 1477 sodaliilli
1134 1435 1218 1483 suo,
1241 1451 1346 1491 pone
1358 1434 1650 1489 subsequendo,
1667 1435 1790 1476 calces

83 1504 169 1531 111.
192 1494 382 1531 Clementer
409 1491 535 1544 quasa,
571 1492 678 1531 calces
697 1492 831 1532 deteris.
855 1491 878 1546 ]
927 1489 1091 1544 fingitur
1102 1493 1282 1534 deterere.
1303 1497 1456 1531 Doum-

277 1640 525 1697 Aerus
582 1642 884 1717 QUARTI
938 1641 1188 1696 SCENA
1237 1640 1545 1695 TER-rm.

482 1770 793 1814 DEMIPHO
815 1796 827 1815 ,
877 1771 1317 1814 LYSIMACHUS,

751 1900 798 1938 H
801 1891 868 1938 uic
879 1900 1015 1940 Scenae
1028 1911 1046 1945 ,·

487 1985 627 2048 Qafi
642 2001 689 2032 tu
704 2001 936 2048 nunquam
952 1986 1209 2048 quicquam,
1227 1990 1313 2031 &c.

338 2089 689 2162 'Praeftmffrant
703 2105 818 2147 Vett.
839 2101 952 2147 Edd.
966 2103 1110 2158 versus
1121 2107 1184 2146 XI
1184 2137 1192 2146 .
1195 2102 1428 2165 sequentes
1442 2118 1454 2147 :

200 2183 282 2225 Ys.
301 2181 557 2241 Demipho:
583 2183 839 2242 Sapientum
855 2180 963 2227 illud
978 2181 1146 2227 disturn
1165 2195 1206 2225 te
1222 2177 1381 2227 audiss'e
1395 2197 1495 2227 reor
1508 2177 1686 2242 saepius:

203 2246 241 2290 V
256 2245 296 2286 O
311 2246 344 2289 L
361 2247 403 2287 U
420 2247 451 2289 P
467 2246 509 2289 T
521 2248 558 2288 A
575 2247 599 2287 S
634 2243 695 2290 est
710 2243 932 2288 malorum
947 2244 1063 2290 esca:
1091 2243 1213 2304 quod
1227 2260 1277 2289 ea
1290 2260 1381 2289 non
1398 2244 1543 2290 minus
1569 2243 1778 2290 homines

89 2307 244 2367 Qam
260 2304 398 2351 hamo
414 2309 637 2368 capiantur
651 2305 801 2368 pisces.
840 2305 952 2353 hanc
967 2308 1146 2367 quando
1161 2305 1333 2370 fugiant
1349 2304 1487 2358 senes,

82 2366 155 2412 Tu
172 2383 319 2428 tamen
336 2369 544 2415 senecstuti
559 2371 746 2433 gratiam
762 2385 854 2414 non
871 2369 1056 2417 habeas:
1082 2373 1297 2432 quoniam
1314 2369 1404 2416 haec
1419 2369 1498 2414 tibi

49 2446 66 2493 5
82 2431 190 2476 Non
205 2431 382 2477 abstulit
400 2433 539 2479 modo
555 2470 566 2487 ‚
602 2432 729 2478 sedin
744 2449 947 2479 amorem
965 2435 1145 2493 conjecit
1158 2431 1334 2478 fortius.

84 2494 196 2555 Qo
211 2509 251 2540 te
265 2494 582 2556 confiliumque
595 2511 722 2541 tuum
739 2511 868 2557 atque
883 2510 1082 2543 mentem
1098 2495 1237 2558 perdit
1251 2494 1444 2542 funditus
1460 2526 1474 2549 ‚

83 2557 227 2616 Atque
241 2557 474 2604 oculorum
491 2558 569 2604 tibi
582 2557 845 2622 praestringit
857 2560 1011 2607 aciem.
1047 2576 1120 2605 me
1134 2575 1316 2622 quoque

81 2618 130 2661 In
148 2634 357 2681 magnum
375 2621 596 2681 conjecisti
612 2622 779 2668 malurn
797 2653 810 2673 ,
847 2639 928 2667 nec
942 2621 1046 2684 quid
1064 2620 1219 2668 faciam
1237 2623 1339 2667 stio.

82 2680 168 2724 De.
185 2681 433 2741 Lyfimache
451 2717 461 2736 ‚
489 2685 621 2730 defun
637 2684 723 2730 hoc
737 2684 969 2732 arbitrium
985 2685 1063 2742 est,
1081 2703 1172 2731 non
1188 2684 1457 2731 hominum:
1479 2699 1570 2733 tute
1584 2683 1672 2732 hoc
1699 2699 1766 2733 te=¹

341 2763 443 2793 cum

15 2817 71 2849 10
87 2805 130 2863 Si·
141 2805 304 2866 cogites
321 2838 333 2858 ,
361 2826 452 2855 non
466 2826 645 2871 aequom
661 2824 701 2855 te
717 2809 857 2857 facere
875 2811 1141 2858 arbitrabere
1160 2844 1173 2865 ,

85 2869 246 2929 onm
259 2870 401 2916 amico
415 2871 593 2919 homim
606 2905 619 2926 ,
647 2873 797 2935 tuique
812 2877 985 2921 conicio
998 2914 1009 2931 ‚
1038 2877 1098 2920 ita
1114 2874 1358 2922 succenseas
1370 2875 1546 2923 misere.

7 3120 16 3446 ἱ
908 3138 913 3141 “
1050 3128 1074 3180 1
1112 3147 1149 3196 4
1591 3072 1777 3198 Qasr-⁵
