2064 3718
431 161 1329 222 Aerus11.ScENA111.
1649 179 1747 236 103

95 256 213 315 Nec
227 252 411 313 sacrum
424 295 440 319 ,
469 273 566 312 nec
576 270 680 309 tam
694 253 967 332 profanum
978 255 1251 331 quicquam
1263 252 1334 309 est
1347 291 1364 318 ‚
1403 252 1531 330 quin

95 335 174 393 Ibi
186 335 302 390 ilico
317 331 455 391 adiit.
482 353 606 397 nee,
633 333 725 410 qui
739 332 886 390 rebus
903 335 1026 389 meis

99 410 377 469 Confidam
391 452 407 476 ‚
432 411 560 467 mihi
573 411 670 467 ulla
684 410 854 488 spesiti
869 410 1021 468 corde
1035 428 1167 466 certa
1178 409 1263 466 est.

14 511 82 562 30
97 494 201 548 DE.
225 490 373 564 Qid
386 489 501 546 illuc
512 488 581 545 est
593 529 608 553 ,
632 491 777 567 quod
789 489 915 546 solus
925 485 1087 545 secum
1103 487 1346 543 fabulatur
1365 484 1520 542 filius?

96 565 342 624 Sollicitus
359 566 662 624 mihinescio
676 586 828 645 quate
842 568 1049 623 videtur.
1087 567 1196 623 CH.
1217 564 1391 622 attate!

95 649 248 702 Meus
261 665 396 722 patet
407 646 491 702 hic
504 647 711 722 quidem
728 647 797 702 est
808 686 823 712 ,
856 665 1011 724 quem
1022 645 1186 703 video,
1210 644 1300 700 ibo
1314 685 1330 709 ,
1352 642 1587 720 alloquar.
1629 643 1754 720 quid

316 723 403 788 fit,
431 743 568 801 patet
590 739 606 780 ?

93 804 199 859 DE.
216 801 591 865 UndeincediS,
618 803 741 878 quid
755 801 979 865 festina8‚
1002 818 1150 880 gnate
1167 802 1268 858 mi?
1309 799 1586 863 CH.te&e‚
1601 817 1766 875 patet..

92 883 200 935 DE.
217 884 288 934 Ita
298 880 435 935 volo,
464 880 542 935 sed
553 881 674 935 istuc
687 881 809 956 quid
823 879 909 944 est,
922 880 1015 935 tibi
1030 881 1171 955 quod
1187 877 1560 935 commutatu'st
1579 875 1720 932 color
1737 891 1754 933 ἒ

13 974 35 1025 3
51 975 75 1027 5
97 959 347 1031 Numquid
359 958 447 1012 tibi
462 958 619 1015 dolet?
631 955 906 1014 CH.nescio
918 958 1038 1033 quid
1055 978 1175 1013 meo
1188 957 1362 1012 animo
1381 956 1450 1010 est
1464 972 1760 1033 aegte‚pater.

95 1035 270 1090 Postea
284 1036 375 1090 hac
392 1037 545 1091 noete
559 1056 670 1094 non
685 1036 853 1111 quievi
865 1030 970 1091 satis
982 1055 1095 1091 mea
1109 1056 1169 1092 ex
1184 1034 1438 1090 sententia.

95 1116 201 1168 DE.
230 1115 323 1169 Pet
336 1133 472 1169 mare
484 1131 538 1169 ut
551 1113 718 1170 vestus
732 1154 748 1178 ,
774 1133 912 1169 nunc
927 1113 1059 1168 oculi
1072 1132 1253 1168 tertam
1269 1114 1513 1168 mirantur
1527 1112 1616 1166 tui.

93 1191 200 1245 CH.
230 1194 397 1266 Magis
408 1194 607 1266 opinor.
641 1194 748 1248 DE.
760 1192 808 1246 id
825 1191 895 1248 est
907 1190 1161 1266 profeffl.
1197 1209 1373 1246 vetum
1401 1190 1631 1245 aCtumm
1657 1184 1761 1243 abs-

315 1267 512 1323 cefferit.

92 1347 225 1420 Ergo
239 1346 417 1419 edepol
433 1343 606 1422 palles:
645 1343 681 1399 fi
692 1344 843 1421 sapias
855 1385 872 1409 ,
903 1362 983 1399 eas
996 1361 1054 1400 ac
1065 1343 1340 1398 decumbas
1353 1344 1517 1398 domi.

7 1439 77 1489 40
95 1424 143 1477 C
149 1444 203 1478 H.
219 1423 404 1477 Otium
417 1443 527 1477 non
539 1422 607 1478 est
618 1463 636 1488 ‚
660 1423 908 1478 mandatis
923 1421 1070 1477 rebus
1083 1422 1312 1495 ptaevotti
1327 1421 1463 1476 volo·

91 1503 194 1555 DE.
209 1501 333 1554 Cras
344 1502 497 1576 agit0‚
513 1502 750 1577 perendie
770 1502 918 1577 agito,
958 1500 1064 1555 CH.
1076 1498 1197 1576 saepe
1210 1520 1273 1555 ex
1290 1517 1338 1555 te
1349 1498 1528 1561 audivi,
1557 1515 1719 1572 patet:

88 1579 204 1633 REI
230 1580 633 1636 MANDATAE
671 1597 854 1634 omnes
868 1577 1105 1653 &pientes
1119 1579 1344 1655 primum
1360 1578 1766 1653 praevottidecet.

89 1658 194 1710 DE.
226 1656 336 1731 Age
349 1657 532 1731 igitur,
564 1655 692 1712 nolo
708 1654 948 1712 advorsari
962 1674 1101 1710 tuam
1116 1654 1348 1711 advorsus
1359 1654 1672 1719 sententiam.

90 1733 198 1788 CH.
225 1734 392 1788 Salvos
404 1732 529 1800 sum,
541 1733 789 1812 siquidem
800 1733 1043 1789 istidotsto
1057 1730 1270 1789 solida&
1285 1751 1525 1810 perpetua
1537 1733 1605 1788 est
1619 1730 1761 1789 fides·

6 1832 41 1882 4
51 1830 71 1882 5
92 1813 196 1866 DE.
218 1812 370 1886 Qid
384 1811 498 1868 illue
515 1814 584 1868 est
598 1854 614 1877 ,
645 1811 880 1887 quodille
895 1810 1024 1868 solus
1037 1806 1150 1867 sein
1166 1811 1434 1869 confilium
1448 1812 1672 1867 sevocat?

74 1891 196 1966 Jam
211 1909 317 1944 non
333 1909 506 1945 vereor
517 1931 532 1954 ‚
557 1910 622 1946 ne
633 1889 766 1945 illam
783 1910 868 1946 me
878 1908 1043 1946 amare
1058 1889 1141 1945 hic
1167 1891 1388 1966 potuerit
1403 1888 1666 1947 testiscere.

93 1968 299 2042 Qippe
314 1965 444 2021 haud
459 1971 607 2022 etiam
624 1969 896 2044 quicquam
907 1970 1075 2043 inepte
1088 1966 1183 2022 feci
1197 2010 1214 2032 ,
1242 1985 1466 2023 amantes
1481 1987 1535 2022 ut
1550 1965 1726 2023 solent.

92 2046 200 2101 CH.
221 2047 322 2102 Res
338 2043 501 2100 adhuc
514 2045 725 2121 quidem
755 2045 920 2101 hercle
949 2046 1006 2100 in
1036 2046 1204 2100 tuto'st
1217 2086 1233 2109 ,
1261 2065 1383 2101 nam
1417 2044 1557 2100 hune
1578 2042 1764 2100 nescite

313 2121 378 2175 sat
392 2123 491 2177 scio

94 2202 178 2255 De
195 2197 270 2253 illa
283 2200 454 2255 amica.
491 2200 634 2275 quod
650 2199 685 2255 fi
697 2197 835 2256 sciret
849 2240 864 2263 ‚
901 2198 1018 2255 effet
1030 2197 1121 2254 alia
1135 2201 1316 2256 oratio,

12 2296 79 2352 50
92 2281 198 2334 DE.
209 2290 215 2294 ’
225 2278 370 2355 Qin
381 2297 479 2353 ego
495 2278 632 2334 hune
643 2279 905 2355 aggredior
919 2279 981 2334 de
991 2278 1071 2333 illa
1088 2294 1102 2335 ἓ
1143 2280 1252 2336 CH.
1264 2280 1390 2357 quin
1403 2298 1501 2357 ego
1530 2278 1652 2334 hinc
1678 2296 1766 2334 me

309 2355 560 2413 amolior?

1685 2435 1764 2487 Eo

13 2563 220 2616 Egyptios
235 2567 340 2605 orus
350 2563 466 2604 tradit
485 2576 578 2605 cum
601 2564 864 2618 impudentiam
907 2567 1044 2617 Hecyr.
1078 2563 1168 2616 quid
1177 2578 1211 2602 es
1227 2571 1306 2601 tam
1315 2562 1425 2613 tristis
1450 2570 1469 2602 ἓ
1501 2563 1660 2606 Ρ.νεὲἳε,
1683 2576 1763 2601 ma-

11 2616 334 2668 fignarevellent‚
363 2620 536 2658 muscam
548 2619 726 2670 pinxiffe,
749 2619 862 2671 quod
905 2630 972 2657 ter.
1000 2618 1062 2658 Ad
1073 2631 1196 2672 quem
1217 2618 1355 2657 locum
1377 2621 1564 2658 Donatus
1592 2633 1602 2657 ε
1634 2618 1693 2657 Sic
1711 2618 1764 2654 lo-

13 2671 205 2709 nimirum
215 2673 281 2711 vix
295 2671 426 2711 abasta
445 2673 715 2713 nihilominus
734 2675 864 2713 conti-
906 2674 1057 2726 quimur
1069 2699 1080 2716 ,
1105 2673 1269 2723 cnmfine
1282 2672 1421 2726 injuria
1431 2673 1679 2724 interrogantis
1689 2672 1764 2710 ali-

12 2723 249 2762 nuotedeat.
283 2728 437 2780 Lipsius.
908 2728 1204 2781 quidreticemm.

68 2788 131 2818 29.
162 2777 244 2830 Spes
255 2779 585 2834 incordecertaefl]
609 2783 746 2825 Forte,
769 2789 864 2820 creta
963 2794 1026 2825 39.
1058 2778 1212 2830 Postea]
1242 2779 1291 2819 Id
1304 2778 1383 2822 est,
1403 2789 1595 2829 praeterea-
1618 2784 1672 2817 D.

12 2829 70 2878 est·
97 2830 314 2870 Scrivetius.
959 2849 1023 2886 37.
1055 2836 1248 2873 Mirantur
1278 2836 1356 2874 tui,
1389 2834 1486 2886 ὑπ]
1515 2838 1574 2872 Ita
1589 2830 1677 2871 Mss'.
1695 2835 1766 2871 Pa-

69 2895 126 2925 33-
159 2883 421 2939 Redinpaten]
456 2887 578 2942 Qafi
598 2887 701 2927 dicat
725 2900 735 2924 τ
763 2889 861 2927 Non
905 2888 972 2928 lat.
1007 2889 1082 2928 Sed
1095 2887 1251 2941 J.Guil.
1287 2884 1520 2941 distinguit:
1551 2889 1610 2924 tui
1627 2887 1759 2937 magis.

12 2933 156 2975 festino
167 2947 283 2988 pater.
306 2940 527 2980 aceleenim
546 2940 778 2994 usurpabant
799 2941 861 2980 in·
908 2945 987 2981 Cu.
1009 2945 1136 2996 opinor.
1153 2946 1229 2980 DE·
1252 2941 1302 2979 id.
1339 2942 1516 2985 Scilicet,
1537 2942 1607 2992 qui
1627 2940 1695 2979 diu
1715 2940 1760 2978 ΞΠ

0 2990 171 3035 ¹tetdum
192 3000 337 3032 veteres
362 3019 373 3036 ‚
412 3006 504 3033 cum
534 3008 669 3048 negate
696 2995 867 3034 vellent:
907 2997 1144 3036 mariveetus
1160 3004 1262 3036 erat,
1294 2997 1569 3048 magistetram
1594 2993 1761 3033 miraba-

13 3045 236 3095 negationis
259 3055 392 3085 tamen
419 3048 644 3099 particulam
671 3049 861 3101 religione
905 3060 990 3095 tur,
1019 3063 1141 3103 quam
1156 3046 1398 3090 solituserat.

15 3097 186 3139 obsttisti
232 3112 382 3152 ponexe
419 3101 589 3141 nollent.
649 3104 863 3143 Terentius
958 3113 1022 3148 38.
1041 3102 1297 3158 abscesserit]
1318 3101 1620 3157 Scil.aegtitudo.
1674 3156 1716 3192 N

1036 3159 1074 3196 G
1098 3170 1127 3204 4
1585 3166 1647 3202 57.
1717 3165 1759 3191 on
