2064 3718
423 145 1304 207 '‘ACTUSILSCENAII.
1656 149 1762 210 {101

100 243 205 300 DE.
229 240 421 301 Decide
436 241 623 297 collum
635 282 650 305 ‚
677 238 713 296 fi
731 239 904 297 falsum
917 239 985 296 est
999 238 1069 294 uti
1082 238 1257 315 loquat
1272 259 1288 295 τ

103 322 230 386 Vel,
251 338 305 376 ut
315 316 427 375 scias
444 339 527 375 me
541 339 706 374 amate
718 360 732 383 ,
762 339 881 396 cape
896 317 1108 373 cultrum
1123 356 1138 379 ,
1159 315 1265 372 seca

105 400 340 476 Digitum
353 394 641 461 velantem,
671 396 747 452 vel
760 417 815 453 tu
831 395 1031 457 nasum,
1062 393 1346 450 vellabtum
1362 412 1379 447 ε

15 495 88 546 40
105 477 157 532 Si
171 495 381 531 moveto
399 494 505 537 me,
550 473 631 531 seu
647 474 791 531 secati
806 471 994 531 sensero
1009 511 1026 535 ,

100 551 397 629 Lyfimache
412 597 426 621 ‚
448 569 592 608 autor
608 549 715 608 sum
743 554 814 608 uti
828 548 1143 606 meamando
1159 546 1244 603 hic
1258 549 1440 604 enices,

102 633 196 687 LY.
209 632 260 686 Si
275 650 503 705 unquam
523 631 681 686 vidisti
695 632 886 707 pictum
900 646 1175 684 amatorem
1190 666 1206 690 ‚
1235 626 1357 682 hem
1368 625 1468 681 illic
1480 625 1563 680 est.

100 710 243 763 Nam
262 728 384 763 meo
400 708 606 785 quidem
622 712 796 764 animo
808 706 996 763 vetulus
1009 745 1025 768 ,
1047 704 1324 779 decrepitus
1336 703 1484 759 senex

100 787 380 841 Tantidem
396 787 464 842 est
480 826 494 850 ‚
525 786 663 862 quasi
680 785 946 862 s1ts1gnum
964 783 1159 859 pictum
1186 784 1240 837 in
1255 783 1452 859 pariete.
1566 779 1765 851 {ffgss‘gmf332

15 883 80 938 45
105 864 211 923 DE.
224 865 379 919 Nunc
394 883 448 920 tu
465 884 548 919 me
569 915 581 936 ‚
614 866 764 919 credo
781 904 797 927 ,
825 862 1054 938 castigate
1069 861 1273 935 cogitas.

104 944 200 998 LY.
214 942 375 1019 Egon'
393 960 443 998 te
460 956 476 998 Ξ
518 946 624 999 DE.
639 942 766 998 nihil
780 940 846 997 est
857 946 958 1016 jam
972 940 1113 1015 quod
1124 956 1178 994 tu
1189 937 1317 993 mihi
1328 934 1627 994 succenseas:

102 1016 279 1074 Fecere
293 1019 385 1075 tale
399 1039 512 1075 ante
527 1019 606 1076 alii
621 1019 820 1096 spectati
834 1020 943 1074 vii-i.

102 1098 158 1150 H
176 1098 230 1154 U
246 1101 308 1152 Μ
323 1099 370 1150 Α
385 1099 438 1153 N
454 1099 511 1156 U
526 1101 589 1153 M
628 1104 791 1152 'amare
808 1097 876 1152 est
889 1141 903 1162 ,
933 1097 1216 1152 humanum
1231 1111 1399 1149 autem
1413 1089 1667 1169 ignoscere
1680 1092 1762 1146 est.

103 1176 190 1230 Ne
204 1173 261 1229 fis
277 1195 359 1229 me
371 1175 598 1250 objurga.
636 1174 736 1229 hoc
747 1195 857 1229 non
873 1173 1100 1229 voluntas
1113 1193 1197 1227 me
1220 1170 1433 1245 impulit.
1518 1169 1765 1241 ,ξξξζ-,ἙΕΓΕΙΞΞ

15 1273 86 1325 5o
104 1254 195 1308 LY.
209 1255 350 1333 Qin
368 1272 478 1307 non
495 1253 728 1325 objurgo,
763 1254 868 1307 DE.
881 1268 930 1304 at
942 1270 1008 1305 ne
1023 1251 1324 1305 deteriorem
1336 1265 1509 1302 tamen

103 1333 226 1385 Hoc
243 1330 376 1384 sacto
392 1329 553 1383 ducas,
589 1331 682 1383 LY.
697 1346 860 1403 egone
879 1342 957 1382 te?
987 1327 1051 1380 ah
1065 1367 1080 1390 ,
1107 1347 1172 1381 ne
1188 1326 1261 1381 Di
1282 1320 1501 1380 sivetintl

101 1411 205 1464 DE.
220 1407 351 1464 Vide
367 1404 425 1461 fis
444 1404 606 1461 modo
621 1408 789 1461 etiam.
824 1402 1156 1463 LY.visnm'st.
1179 1406 1286 1460 DE.
1299 1400 1507 1458 certen'?
1550 1403 1646 1473 LY.
1662 1416 1773 1475 petff

325 1485 396 1538 dis
409 1503 508 1541 me.
1342 1512 1346 1514 >
1412 1489 1417 1492 ’

101 1562 204 1617 Hic
222 1560 387 1618 homo
405 1581 468 1617 ex
486 1581 658 1617 amore
672 1554 864 1617 insanit.
883 1560 1116 1636 nunquid
1130 1559 1230 1616 vis?
1283 1561 1389 1619 DE.
1407 1556 1524 1612 vale.

96 1641 194 1695 LY.
209 1640 291 1694 Ad
308 1658 515 1714 pottum
526 1658 773 1717 propero:
801 1659 920 1694 nam
935 1639 1007 1694 ibi
1021 1637 1150 1694 mihi
1162 1638 1429 1714 negotium
1444 1635 1528 1689 est.

13 1736 43 1791 5
55 1741 80 1795 5
100 1719 205 1772 DE.
218 1720 353 1772 Bene
363 1717 635 1774 ambulatO.
674 1719 769 1774 LY.
783 1717 916 1772 bene
929 1717 1107 1772 valeto.
1144 1718 1253 1773 DE.
1266 1715 1398 1770 bene
1412 1712 1469 1769 fit
1482 1709 1590 1767 tibi.

106 1796 248 1873 Qin
263 1795 390 1849 mihi
403 1815 611 1871 quoque
624 1797 771 1850 etiam
787 1795 856 1851 est
871 1796 933 1851 ad
945 1813 1153 1871 portum
1167 1795 1446 1868 negotium.

99 1872 260 1927 Nunc
269 1874 396 1927 adeo
413 1875 502 1928 ibo
516 1873 648 1930 illuc.
674 1871 754 1928 sed
766 1891 980 1949 optume
993 1890 1206 1949 gnatum
1217 1891 1393 1926 meum

101 1950 291 2012 Video,
303 1970 480 2006 eccum
494 1954 686 2025 operiat
699 1952 968 2005 hominem
982 1972 995 2004 :
1020 1951 1123 2004 hoc
1138 1969 1275 2004 nunc
1290 1948 1420 2004 mihi
1430 1942 1532 2003 viso
1545 1942 1615 1999 est
1630 1960 1771 2019 opus·

101 2027 240 2082 Huic
256 2027 541 2102 persuadete
557 2068 572 2091 ,
597 2030 870 2103 quomodo
881 2027 1013 2104 potis
1028 2025 1150 2080 siem
1168 2066 1184 2089 ‚

17 2113 88 2162 60
107 2106 180 2161 Ut
193 2105 326 2159 illam
337 2107 518 2160 vendat
536 2146 550 2168 ,
574 2125 698 2161 neve
713 2106 798 2160 det
812 2106 959 2159 matri
973 2102 1062 2158 suae
1080 2126 1092 2158 ε

103 2184 245 2236 Nam
262 2184 306 2236 ei
319 2184 462 2237 dono
476 2185 664 2238 advexe
680 2183 856 2238 audivi.
882 2180 960 2236 sed
977 2195 1223 2258 praecanto
1237 2180 1306 2235 est
1320 2198 1475 2254 οριιε,

105 2260 192 2315 Ne
202 2261 263 2315 ad
280 2259 413 2315 illam
427 2280 511 2316 me
523 2262 750 2317 animum
776 2256 1003 2337 adjecisse
1029 2259 1191 2336 aliqua
1203 2257 1391 2314 sentiat.

15 2393 118 2443 Lego.
153 2391 227 2431 Sed
242 2390 341 2431 mihi
354 2391 523 2432 dubium
546 2404 632 2432 non
654 2391 706 2430 est
727 2418 738 2436 ,
770 2391 885 2443 quin'
966 2403 1033 2436 49.
1067 2396 1141 2430 Hoc
1152 2405 1214 2428 non
1228 2385 1433 2441 voluntas]
1468 2390 1542 2425 Pro
1561 2385 1609 2423 ad
1628 2386 1695 2422 hoc.
1720 2386 1768 2423 L.

17 2454 134 2484 temae
143 2445 262 2485 literae
284 2451 346 2486 A,
361 2452 430 2490 au,
460 2447 501 2484 &
523 2452 550 2483 0
564 2473 574 2487 ,
603 2446 872 2497 intelligantur
916 2446 989 2486 Sed
1003 2446 1035 2497 J.
1050 2447 1145 2484 Gul.
1159 2446 1200 2483 &
1212 2444 1322 2484 Acid.
1337 2446 1397 2481 hoc
1411 2468 1422 2485 ³
1440 2442 1602 2492 antiqua
1615 2440 1773 2478 tatione

17 2502 123 2539 Nam
135 2500 716 2554 pueritia-'Romanacnilingua
728 2501 866 2539 Latina
911 2498 1101 2539 scribendi
1127 2499 1239 2546 ajunt
1265 2496 1339 2538 effe
1364 2500 1444 2534 huc·
1498 2495 1605 2534 Libri
1633 2503 1770 2532 tamen

16 2563 99 2601 etat
114 2554 326 2595 vernacula,
341 2551 787 2605 non-conjugationibus
812 2553 870 2593 di·
913 2563 1011 2592 vett.
1025 2553 1157 2592 aliter:
1180 2564 1309 2604 neque
1319 2553 1423 2591 male
1438 2547 1705 2601 distinguunt,
1730 2560 1772 2583 ne

19 2604 534 2658 stendisoccupabatu15sed
546 2607 733 2647 duntaxat
749 2608 873 2660 legere
911 2607 1152 2660 olgjurgahoc:
1173 2605 1280 2658 quasi
1292 2607 1337 2644 fit
1355 2631 1368 2650 ,
1399 2614 1555 2656 propter
1577 2602 1668 2640 hoc.
1695 2604 1741 2638 T.

15 2657 256 2712 scribereque
267 2659 671 2708 discebatzcujusmodi
689 2671 866 2701 veterum
971 2676 1032 2707 51·
1068 2663 1167 2700 ιΑΙσ]
1194 2675 1234 2698 ne
1254 2661 1307 2697 dii
1318 2656 1511 2710 fiverint.]
1546 2654 1770 2695 Proverbia-

19 2711 99 2751 fuit
127 2714 421 2764 γρριμμκπκ-,ί
470 2715 707 2754 Illudetiam
723 2720 871 2754 Emma-
910 2713 1367 2765 lisdeprecatiofnithaec
1386 2710 1593 2752 vetetibus.
1614 2709 1763 2753 Gtaeci,

23 2767 121 2804 nuels·
161 2766 394 2812 adve1satur‚
425 2768 537 2820 quod
555 2778 681 2808 ternas
704 2768 868 2821 quidem
910 2770 961 2820 μὲ
975 2769 1128 2820 ςὲζύοιτυ.
1787 2802 1790 2805 .

19 2819 149 2859 litetas
161 2831 242 2858 uno
254 2819 574 2871 diepuerinludo
589 2822 860 2869 discat3temas
966 2829 1027 2869 58.
1056 2827 1132 2861 Hoc
1150 2835 1238 2859 nunc
1266 2821 1358 2859 mihi
1384 2818 1459 2867 viso
1480 2818 1523 2867 est
1543 2814 1666 2872 opus]
1695 2817 1771 2853 Le-

23 2872 322 2923 conjugationes
339 2884 422 2914 tam
440 2874 547 2918 btevi
574 2873 700 2930 spatio
729 2875 871 2920 discexe
909 2889 988 2928 ge:
1030 2879 1089 2915 hoc
1113 2889 1201 2916 nunc
1222 2877 1314 2925 mihi
1334 2874 1402 2925 usu
1420 2873 1465 2923 est
1484 2884 1583 2928 opus.
1623 2869 1770 2911 Serive-

9 2937 109 2969 ,που
119 2923 251 2982 poffit.
273 2928 416 2979 Vossius.
448 2964 454 2967 .
909 2933 1002 2972 tius.

912 3170 916 3175 ,
996 3109 1045 3161 G
1089 3126 1111 3178 3
1525 3104 1767 3160 ACTUS
