2064 3718
533 132 587 192 Ἀ
676 133 687 136 ”
709 134 711 137 ’
898 178 918 193 ..

26 234 165 308 4160
175 231 288 292 AD.
300 226 445 310 Qin
460 226 594 286 abire
607 150 722 288 {in—irs
739 154 779 288 ξ
795 139 917 308 (ζυίῙά
934 232 1005 287 vis
1022 230 1115 288 tibi
1134 247 1165 310 Ξ,
1191 228 1348 309 QUI
1388 229 1426 284 B
1444 228 1509 285 E-

962 135 1353 195 SCENAII.
1698 151 1803 204 ²3¹

1611 225 1801 296 AEffiffl‘·

401 307 514 362 NE
553 312 602 364 V
619 310 967 374 OLUNT,
1006 307 1372 367 benevisitem.

179 387 337 445 Mx.Si
349 400 466 441 ante
478 387 689 462 quidem
708 390 948 445 mentitus
980 386 1078 451 est,
1100 407 1238 446 nunc
1261 390 1365 462 jam
1393 379 1578 439 dehinc
1603 379 1696 436 etit
1716 396 1800 436 ve-

399 481 486 518 tax
502 463 611 521 tibi.

174 540 284 597 An.
297 537 526 596 Abscede
539 542 659 599 hinc
673 541 734 599 fis
749 583 765 608 ,

395 620 558 675 modo
577 636 592 676 ἒ

794 542 1110 621 sycophanta.
1149 532 1251 601 'M1.
1279 557 1447 618 pateo·
1476 552 1526 592 at
1546 531 1803 610 scin'quo-

170 693 290 749 Sine
305 713 353 751 te
366 716 576 753 exorem
591 739 607 762 ,
639 696 742 754 sine
756 714 804 752 te
816 697 1060 773 prendam
1076 694 1300 754 auriculis
1315 735 1332 760 ,
1348 692 1452 750 fine
1468 693 1585 748 dem
1600 688 1806 747 savium.

159 774 277 850 Jarn
295 773 494 831 hercule
507 796 604 853 ego
621 775 804 833 faciam
819 775 1102 853 plorantem
1117 775 1259 833 illum
1275 814 1291 838 ,
1320 771 1411 830 nisi
1424 789 1474 827 te
1490 769 1619 827 facio
1633 769 1807 847 propi-

396 855 535 910 tiam.

21 950 74 989 -.1
86 940 150 1007 65
175 927 346 1003 Atque
361 930 443 989 hic
454 951 539 987 me
555 951 620 987 ne
632 928 855 987 verberet
880 929 1019 1003 (illud
1033 929 1179 987 faciet
1190 971 1206 995 ,
1246 926 1338 985 nisi
1351 947 1398 984 te
1415 924 1662 1004 propitio)

171 1007 312 1064 Male
326 1008 579 1065 formido:
604 1011 723 1065 novi
737 1027 834 1083 ego
853 1007 999 1083 hujus
1015 1027 1184 1065 mores
1201 1005 1392 1065 morosi
1408 1005 1585 1060 malos,

172 1088 531 1167 Qainobrem
547 1129 562 1152 ,
586 1086 770 1141 amabo
786 1124 803 1147 ,
833 1106 947 1142 mea
973 1085 1227 1165 voluptas,
1263 1084 1366 1140 fine
1384 1102 1431 1140 te
1445 1081 1711 1139 exorarier.

170 1167 281 1221 AG.
302 1167 430 1221 Non
443 1186 541 1243 ego
556 1167 722 1220 homo
733 1163 942 1219 trioboli
957 1163 1063 1218 sum
1077 1204 1094 1227 ,
1127 1162 1218 1218 nisi
1235 1182 1333 1239 ego
1344 1161 1410 1217 illi
1426 1158 1661 1235 mastigiae

168 1243 398 1300 Extutbo
414 1244 589 1299 oculos
603 1259 752 1318 atque
763 1243 950 1297 dentes,
979 1240 1102 1297 hem
1119 1239 1426 1316 voluptatem
1438 1237 1560 1301 tibi,

36 1458 245 1501 ‘turnebus
265 1455 402 1499 diserte
428 1458 612 1511 epocat,
637 1454 703 1498 sua
724 1459 887 1512 pecunia

34 1523 76 1554 te
104 1515 282 1553 redimet.
335 1516 420 1552 Nec
449 1513 598 1551 mirum
627 1511 733 1551 foret
773 1512 887 1562 παρρέ

34 1566 271 1616 medendam
299 1567 533 1604 nummulum
557 1565 682 1604 dicere
707 1563 857 1605 servum
872 1591 884 1608 ,

32 1633 125 1660 curn
150 1621 346 1661 talentum
367 1620 493 1659 dicere
511 1615 718 1666 debuisset,
753 1619 883 1659 modo

31 1675 221 1714 constaret
244 1675 319 1713 hoc
333 1673 528 1713 vocabulo
546 1675 734 1712 Plautum
756 1671 885 1713 usum.

0 1729 194 1768 -.1ntetim
209 1728 406 1768 intrudere
431 1737 617 1779 argentum
639 1727 797 1767 incivile
820 1728 884 1766 est.

29 1783 181 1822 Viderit
190 1786 371 1821 Muretus
383 1807 396 1826 ,
418 1782 564 1833 quibus
576 1782 619 1820 in
631 1779 884 1821 exolescenti-

32 1834 273 1875 buslibrisid
284 1836 476 1887 repererit,
496 1834 609 1887 quod
621 1846 704 1872 non
723 1835 889 1874 Lambi-

31 1900 110 1928 nus
129 1890 171 1928 in
186 1890 286 1933 suis,
308 1900 392 1927 non
404 1889 593 1927 Gruterus
613 1888 655 1926 in
676 1889 767 1926 Pall.
797 1901 883 1927 non

27 1953 104 1994 ego
123 1942 166 1980 in
197 1941 447 1981 Academico,
478 1945 563 1993 Ego
594 1950 763 1979 veterem
801 1940 884 1981 scri-

27 2005 186 2046 pturam
205 2007 372 2033 ornnem
394 1993 532 2032 sartam
556 1994 700 2032 testam
716 1992 880 2033 ‘servan-

29 2047 124 2087 dam
135 2048 272 2087 censeo
296 2063 304 2086 :
338 2049 518 2098 Egofaxo,
532 2048 642 2098 fi⁸non
655 2048 750 2085 irata
762 2062 810 2092 es,
822 2050 877 2085 ni-

29 2103 149 2140 mium
160 2112 221 2156 pro
234 2112 268 2139 te
279 2100 393 2139 dabit.
431 2104 514 2140 Cur
525 2102 633 2140 enirn
648 2113 730 2140 non
751 2101 879 2141 dicam

25 2156 185 2193 nimium
196 2168 265 2208 pro
276 2156 532 2209 quantumvis
542 2156 696 2208 ingenti
704 2152 879 2195 summa?

29 2211 240 2248 Gronovius.

77 2270 168 2302 160.
198 2267 288 2300 Bene
305 2260 359 2299 vis
382 2260 508 2314 item]
550 2264 735 2301 Veterum
756 2262 876 2302 libro-

24 2328 116 2356 rum
129 2317 267 2356 &vera
286 2314 466 2367 scriptura
487 2315 566 2361 est3
599 2318 696 2353 ‘Bene
718 2318 869 2368 vifitem.

24 2370 302 2410 Benevolentes
315 2369 417 2408 mihi
427 2369 527 2408 bene
550 2370 589 2408 δε
603 2368 756 2409 blandis
768 2382 868 2410 *ocu-

25 2422 74 2461 lis
83 2422 234 2476 aspicio.
260 2427 371 2462 Cum
384 2422 502 2462 bonis
513 2424 551 2462 ὃ(
564 2422 785 2462 faventibus
797 2426 872 2464 mi-

27 2474 72 2516 hi
85 2475 182 2517 bene
191 2490 277 2529 ago.
310 2479 415 2528 Vifito
426 2476 533 2516 idem
543 2478 609 2520 est,
619 2478 742 2530 quod,
755 2480 869 2516 video.

32 2531 156 2575 Visere,
172 2533 336 2582 visitare,
356 2532 483 2571 videre,
504 2533 626 2586 cupide
636 2533 782 2570 intueri.
812 2537 870 2571 lta

22 2582 171 2622 *Gloffae
191 2586 320 2636 Papiae.
375 2588 550 2623 Boxhorn.
575 2586 696 2624 Recta
714 2585 765 2623 est
786 2584 868 2625 scri—

26 2645 138 2687 ptura
146 2637 332 2677 librorum
345 2665 356 2682 ‚
370 2676 373 2677 ⁷
385 2640 472 2691 Qui
481 2638 562 2677 bene
573 2640 700 2676 volunt
710 2637 791 2676 bene
810 2641 866 2677 vi·

19 2690 142 2740 sitem.
177 2694 257 2730 Nec
277 2689 516 2732 scribendum
539 2707 630 2732 cum
649 2692 842 2732 Turnebo
857 2721 866 2734 ‚

28 2741 108 2780 bene
126 2743 179 2780 'vis
201 2746 310 2788 item,
336 2756 403 2785 aut
424 2746 687 2798 cumLipfio,
732 2745 871 2796 benefici

18 2797 125 2848 fient.
141 2800 245 2837 Bene
253 2798 401 2837 videam
419 2812 486 2839 eos
498 2802 567 2852 qui
579 2801 677 2839 bene
688 2801 788 2840 mihi
800 2814 871 2839 vo-

24 2850 138 2891 lunt,
160 2863 241 2888 non
254 2852 322 2903 qui
345 2853 458 2892 male.
490 2855 637 2906 Visitare
655 2856 863 2907 antiquum

24 2915 94 2954 pro
104 2901 269 2955 fimplici
281 2903 418 2944 videre.
431 2907 523 2946 inde
533 2910 721 2960 inmfitata
730 2907 862 2960 saepius

26 2958 70 2996 in
84 2956 192 2995 libris
203 2956 461 2997 vetustiffimis
473 2963 719 3012 optimorum
732 2963 846 3002 austo
858 2986 866 2992 -

23 3022 114 3049 rum
128 3012 293 3050 occurrit
306 3037 317 3054 ,
347 3024 414 3062 pro
432 3016 563 3066 req'uae
573 3028 776 3069 nunquam
789 3013 865 3055 visa

21 3062 89 3106 est.
128 3065 300 3105 [naudita
328 3075 441 3119 atque
457 3068 656 3123 invzfitatae.
683 3074 756 3110 Pto
775 3083 858 3124 quo

1651 1312 1798 1366 Hem

935 1459 1035 1511 apud
1049 1456 1252 1502 Caefiirem,
1270 1458 1531 1497 Ciceronem.
1563 1453 1796 1500 Livium&

935 1514 1035 1551 alios
1045 1513 1165 1564 vulgo
1174 1513 1336 1564 legitu13
1366 1512 1551 1561 inufitata.
1572 1507 1732 1549 salmas.

994 1574 1081 1609 163.
1106 1568 1278 1604 Prendam
1302 1562 1518 1614 aurnum]
1550 1567 1656 1602 Inter
1675 1572 1788 1601 caete-

936 1632 993 1659 ras
1004 1622 1175 1672 antiquae
1187 1619 1384 1659 vetustatis
1392 1616 1604 1657 blanditias
1621 1642 1634 1658 ‚
1664 1615 1796 1655 obser-

936 1673 1112 1712 vandum
1127 1674 1179 1714 est
1190 1673 1268 1714 hoc
1278 1670 1534 1724 ostuligenus
1554 1697 1566 1717 ‚
1595 1683 1680 1724 quo
1692 1669 1794 1710 sole-

938 1726 1032 1766 bant
1050 1730 1158 1780 pueri
1168 1737 1345 1780 parentes
1355 1726 1547 1770 autalios,
1568 1726 1630 1765 vel
1651 1736 1790 1764 aman-

939 1791 994 1820 tes
1007 1784 1046 1821 in
1053 1792 1108 1821 ter
1116 1780 1154 1821 se
1165 1808 1176 1824 ‚
1191 1783 1348 1821 alterius
1360 1779 1518 1820 auribus
1529 1777 1789 1832 apprehensis,

937 1834 1114 1874 osculari.
1154 1835 1269 1874 Idilli
1292 1835 1452 1887 xdrrfflev
1464 1832 1654 1872 fiveollam
1674 1844 1791 1871 voca-

935 1887 1030 1927 bant
1061 1902 1071 1925 :
1098 1888 1387 1941 credoquodin
1406 1900 1455 1926 eo
1466 1886 1596 1939 gestu.
1621 1894 1791 1937 utcaput

936 1941 1024 1980 011ae
1038 1968 1049 1983 ,
1071 1942 1125 1980 ita
1138 1955 1245 1981 aures
1255 1940 1433 1980 ansarum
1456 1940 1632 1980 formam
1653 1938 1794 1981 referre

935 1995 1177 2034 videbantur.
1208 1996 1349 2034 Pollux
1365 1994 1435 2033 lib.
1452 2007 1512 2031 10.

981 2048 1152 2087 Λαξέπι
1164 2049 1193 2087 Fr*
1204 2049 1300 2088 ὤτων
1315 2047 1471 2099 φίλκζον
1485 2048 1563 2086 τὼ)
1577 2048 1756 2100 χύτρρεν.

983 2104 1096 2140 odam
1105 2102 1465 2155 prehenfis'oftulatur
1473 2102 1636 2146 auribus,
1652 2103 1732 2141 &a

924 2148 1037 2195 mer
1048 2158 1297 2195 Latinoshoc
1316 2153 1438 2194 osculi
1459 2168 1582 2207 genus
1604 2156 1784 2208 primum

928 2209 1103 2261 expreffit
1115 2211 1273 2249 Plautus
1287 2210 1491 2254 hocloco,
1515 2211 1554 2248 &
1571 2209 1678 2247 Afin.
1693 2221 1726 2252 3.
1743 2221 1775 2252 3.

923 2265 1094 2315 prehende
1111 2265 1280 2302 auriculis
1305 2280 1318 2302 .·
1357 2275 1520 2318 compara
1540 2262 1667 2302 labella
1696 2277 1785 2302 cum

926 2319 960 2354 la
968 2316 1072 2355 bellis.
1098 2319 1258 2357 Canter.
1503 2357 1505 2359 ,

980 2385 993 2409 1
1003 2380 1069 2418 65.
1098 2377 1157 2410 Ne
1172 2370 1327 2410 verberet
1341 2369 1617 2423 (iHudfaciet)]
1650 2374 1699 2408 Et
1719 2370 1784 2412 hic

927 2427 1134 2464 Muretum
1147 2424 1266 2465 secuti
1277 2424 1365 2465 sunt
1386 2438 1396 2461 :
1428 2434 1548 2478 atque
1568 2426 1621 2463 ita
1633 2423 1780 2464 sanein

923 2479 1058 2518 codice
1075 2479 1313 2519 Academico
1336 2478 1468 2518 video.
1507 2481 1546 2517 N
1551 2491 1604 2516 on
1633 2490 1782 2519 temere

925 2541 1057 2572 tamen
1068 2533 1134 2577 est,
1146 2533 1256 2586 quod
1267 2533 1456 2576 Turnebi‚
1473 2534 1674 2576 Lambini,
1694 2536 1773 2572 Ca-

926 2588 1131 2627 merariani
1145 2587 1297 2626 codices
1307 2584 1564 2626 consentiunt
1581 2586 1775 2625 exhiben-

921 2640 974 2678 do
987 2642 1219 2689 illumfaciat
1234 2657 1247 2677 .-
1262 2654 1344 2679 non
1368 2640 1476 2692 quafi
1489 2641 1566 2680 hoc
1577 2643 1777 2693 explican-

923 2693 1019 2733 dum
1032 2693 1220 2738 censeam,
1235 2694 1347 2734 utilli
1359 2705 1576 2735 tentarunt,
1590 2695 1629 2732 δι
1641 2694 1776 2734 infeli-

922 2749 1015 2787 citer
1033 2763 1043 2786 ε
1072 2746 1135 2787 sed
1146 2749 1258 2802 quod
1270 2746 1338 2788 sub
1351 2748 1427 2787 hoc
1435 2759 1622 2800 corrupto
1634 2758 1773 2801 putem

923 2801 1040 2852 longe
1050 2802 1301 2842 aliudlatere.
1354 2801 1452 2840 Vide
1472 2816 1522 2840 an
1543 2803 1611 2847 fit,
1634 2810 1774 2855 ,Atque

922 2858 976 2894 hic
986 2870 1042 2893 me
1052 2871 1091 2894 ne
1106 2855 1358 2894 verberabilem
1360 2857 1477 2904 faciat
1488 2883 1499 2897 ,
1527 2858 1590 2908 nisi
1610 2866 1644 2892 te
1655 2857 1776 2909 propi-

920 2911 970 2947 tio
983 2936 994 2953 ,
1024 2911 1119 2946 male
1117 2911 1288 2958 formido.
1327 2911 1460 2949 Utitur
1468 2910 1603 2950 eadem
1620 2922 1715 2948 voce
1728 2910 1772 2948 in

921 2965 1132 3003 Aulularia.
1154 2965 1368 3002 Gronovius.

972 3024 1061 3060 169.
1085 3017 1246 3055 Exturbo
1265 3017 1420 3072 oculos.]
1453 3015 1636 3069 Εκβιιίρσ.
1670 3014 1770 3054 Sexi-

918 3082 1057 3111 venus-

1047 3127 1076 3163 Β
1103 3135 1132 3170 4
1555 3129 1645 3164 183.
1673 3121 1771 3160 Fieri
