2064 3718
281 141 353 207 a}
710 145 1004 201 Mtrsss
1064 145 1594 201 GL0R1osus4

367 231 536 297 Vino,
556 237 890 298 ornamentis,
917 233 1228 310 opiparisque
1241 233 1480 292 obsoniis.

284 329 352 380 30
367 312 542 386 Itaque
557 314 799 369 intimum
813 312 882 368 ibi
897 312 942 369 se
958 312 1100 368 miles
1111 311 1242 385 apud
1260 310 1425 367 lenam
1440 313 1572 370 facit.

365 386 476 442 Ubi
495 392 719 463 primum
738 393 899 446 evenit
916 391 1070 446 Militi
1089 389 1208 443 huie
1225 388 1420 445 occafio
1437 431 1455 455 ‚

363 464 583 521 Sublinit
596 488 654 522 os
664 467 730 522 illi
741 467 863 523 lenae
875 508 891 530 ,
933 469 1075 522 matri
1092 463 1310 521 mulieris
1325 507 1340 529 ‚

362 543 545 615 Qam
559 543 707 600 herus
723 566 864 599 meus
875 544 1088 600 amabat.
1125 563 1246 597 nam
1273 544 1314 597 is
1337 544 1461 600 illius
1478 541 1633 600 filiam

365 618 595 696 Conjieit
611 623 664 676 in
682 642 860 677 navem
881 621 1032 676 Miles
1048 662 1063 684 ‚
1101 619 1230 674 clam
1245 638 1461 675 matrem
1476 620 1627 677 suam.

284 716 307 768 3
322 717 346 769 5
366 696 592 772 Eamque
606 700 815 753 invitam
834 698 1207 753 hucmulietem
1225 699 1277 752 in
1290 697 1540 775 Ephesum
1558 699 1772 755 advehit.

363 775 473 846 Ego
488 793 737 847 quantum
753 777 889 831 vivus
902 774 1253 851 polliim‚mihi
1269 796 1448 831 navem
1467 796 1605 851 parc,
1644 775 2024 849 ᾔῑξῇξιξὲῐξῗξῖῗηὲῑξῗβ

362 850 438 906 Ut
449 854 661 906 amicam
683 853 890 908 herilem
909 854 1124 909 Athenis
1135 854 1360 907 avedkam
1377 850 1491 909 scio,

362 925 604 983 Inscendo
619 971 635 993 ,
652 948 706 984 ut
719 950 827 985 eam
844 951 948 985 rem
963 931 1290 1006 Naupaeizum
1308 933 1370 986 ad
1393 930 1575 987 herum
1590 931 1851 988 nunciem-

363 1004 471 1061 Ubi
487 1004 651 1061 firmus
669 1008 892 1084 prov-etih
906 1012 959 1062 in
980 1007 1137 1062 altum
1155 1049 1170 1073 ,
1209 1011 1261 1063 id
1277 1009 1419 1084 quod
1431 1008 1610 1064 volunt
1626 1050 1643 1074 ‚

276 1103 347 1154 40
364 1082 587 1156 Capiunt
600 1085 859 1158 praedones
871 1105 1052 1140 navem
1064 1085 1197 1140 illam
1214 1086 1300 1142 ubi
1318 1087 1485 1143 veelus
1502 1087 1588 1144 fui.

362 1160 499 1214 Prius
515 1163 665 1236 perii,
684 1182 838 1238 quam
856 1164 916 1217 acl
931 1162 1112 1218 herum
1125 1165 1237 1219 veni
1253 1205 1267 1228 ‚
1307 1185 1414 1238 quo
1430 1167 1498 1219 ire
1511 1179 1843 1242 occoepetam.

356 1235 472 1300 Ille,
511 1244 601 1313 qni
625 1260 708 1293 me
734 1242 887 1316 cepit,
930 1244 1011 1295 dat
1028 1262 1112 1297 me
1130 1241 1249 1298 huic
1264 1244 1406 1297 dono
1423 1242 1590 1297 Militi.

355 1314 458 1369 Hic
478 1317 741 1391 postquam
761 1321 812 1371 in
824 1319 952 1372 aedes
969 1339 1052 1374 me
1067 1321 1128 1373 ad
1142 1317 1188 1374 se
1203 1321 1347 1375 duxit
1361 1321 1579 1375 domum
1599 1365 1613 1384 ,

356 1392 524 1447 Video
537 1394 668 1448 illam
682 1395 895 1448 amicam
910 1395 1119 1451 herilem
1138 1437 1151 1462 ‚
1169 1396 1381 1452 Athenis
1395 1417 1504 1473 quae
1520 1396 1626 1453 fuit.

252 1486 336 1543 '45
354 1468 464 1524 Ubi
477 1489 652 1526 eontra
663 1470 846 1547 aspexit
865 1492 950 1526 me
961 1514 976 1536 ,
990 1474 1146 1528 oeulis
1160 1474 1286 1529 mihi
1301 1472 1498 1549 [ignum
1513 1476 1649 1530 dedit
1663 1513 1679 1536 ‚

355 1547 440 1600 Ne
451 1544 495 1603 se
511 1548 837 1624 appellarem:
876 1551 1057 1605 deinde
1073 1592 1087 1614 ,
1113 1552 1380 1626 postquam
1395 1550 1587 1607 oceafio
1605 1553 1672 1607 est
1686 1589 1706 1614 2

354 1623 700 1700 Conqueritur
715 1647 923 1684 mecum
940 1628 1117 1683 mulier
1132 1628 1358 1684 fortunas
1381 1628 1498 1685 suas·

351 1702 442 1754 Ait
455 1702 547 1757 sest:
566 1703 790 1760 Athenas
806 1705 975 1781 fugere
994 1726 1173 1780 cupere
1190 1726 1251 1760 ex
1269 1707 1361 1761 hac
1378 1708 1536 1762 domu
1555 1747 1570 1769 ‚

350 1779 609 1835 Seleillum
627 1801 789 1837 amate
802 1803 978 1838 meum
997 1783 1175 1838 herum
1192 1824 1208 1847 ‚
1227 1784 1441 1839 Athenis
1457 1788 1544 1858 qui
1558 1782 1678 1838 suit:

264 1879 337 1930 50
351 1857 538 1933 Neque
554 1864 692 1934 pejus
706 1880 998 1936 quenquam
1015 1860 1170 1915 oclisie
1188 1902 1202 1925 ,
1230 1881 1384 1936 quam
1401 1863 1551 1916 istum
1567 1860 1804 1916 Militem.

346 1936 455 2010 Ego
471 1939 716 2011 quoniam
729 1939 922 2014 inspexi
937 1939 1156 1993 mulieris
1168 1937 1462 1994 sententiam
1477 1979 1494 2004 ,

347 2011 477 2088 Cepi
496 2014 693 2070 tabellas
707 2055 721 2078 ,
760 2014 1051 2091 consignavi
1077 2014 1384 2071 clanculum:

343 2091 481 2145 Dedi
498 2093 759 2148 mercatori
778 2134 792 2157 ,
832 2095 924 2170 qui·
937 2096 997 2148 ad
1009 2093 1151 2149 illum
1166 2092 1355 2164 deferat

346 2171 529 2223 Meum
546 2169 725 2226 herum
737 2211 752 2235 ‚
794 2172 884 2247 qui
900 2171 1117 2227 Athenis
1130 2170 1289 2228 fuerat
1308 2217 1322 2238 ‚
1356 2173 1443 2250 qui
1461 2171 1593 2227 hanc
1609 2181 1858 2229 amaverat
1875 2203 1894 2232 ‚

260 2265 290 2316 5
302 2264 326 2316 5
345 2244 420 2310 Ut
434 2246 473 2301 is
487 2245 585 2303 hue
597 2251 801 2305 veniret.
837 2249 877 2304 is
890 2270 998 2304 non
1009 2247 1184 2325 sprevit
1194 2251 1440 2305 nuncium
1458 2273 1471 2317 ς

346 2323 487 2377 Nam
508 2330 560 2380 &
578 2328 740 2391 venit,
779 2332 834 2383 &
872 2328 914 2382 is
939 2329 990 2381 in
1003 2347 1264 2403 proxumo
1279 2327 1362 2382 hic
1380 2326 1651 2382 devortitur

341 2402 496 2473 Apud
512 2400 651 2457 suum
670 2423 934 2480 paternum
952 2401 1201 2480 hospitem
1217 2445 1232 2467 ,
1274 2403 1500 2480 lepidum
1522 2403 1707 2461 senem.

340 2478 511 2554 Itaque
524 2480 601 2536 ille
621 2482 810 2537 amanti
824 2481 912 2539 suo
929 2480 1109 2561 hospiti
1124 2502 1327 2540 morem
1362 2483 1504 2559 gerit.

1790 2547 2004 2625 Nosque

318 2684 381 2715 29.
417 2676 515 2717 Vino,
528 2679 769 2731 ornamentis]
789 2686 1004 2718 ornamenta
1014 2678 1103 2718 sunt
1156 2678 1204 2719 ad
1223 2680 1305 2720 vim
1325 2691 1447 2733 quam
1469 2678 1582 2717 miles
1592 2673 1772 2715 adhibuit
1781 2668 1999 2723 significan-2

257 2737 301 2765 ea
315 2753 326 2770 ,
339 2730 623 2781 quaegestamus
635 2734 1103 2786 corporeinduti,quibus
1154 2733 1270 2774 dam,
1290 2734 1343 2771 v&
1363 2733 1409 2771 ad
1424 2734 1533 2772 navis
1543 2730 1858 2781 angustiasatque
1868 2723 2000 2761 mole-

261 2781 408 2818 mirum
435 2794 630 2835 quantum
652 2784 870 2826 inescantur
893 2791 1005 2827 Lenae
1025 2785 1102 2825 five
1154 2786 1255 2826 stias.
1287 2788 1348 2826 Sic
1369 2787 1582 2840 compingere
1592 2787 1627 2821 in
1637 2794 1816 2821 carcerem.

261 2836 388 2885 magis
400 2840 629 2877 Meretrices.
660 2845 691 2878 Ι.
708 2845 897 2879 Gruterus.
1210 2848 1273 2882 38.
1301 2839 1497 2892 Inl'cendo]
1524 2839 1583 2878 Sic
1603 2839 1687 2876 Cic.
1700 2833 1911 2887 aliquoties
1925 2844 2000 2870 con-

311 2899 377 2931 34·
406 2891 588 2943 conjicit]
624 2897 682 2932 Ita
702 2896 813 2933 acute
830 2894 1100 2938 Camerarius,
1146 2893 1321 2941 fiendae,
1343 2891 1540 2937 absolute,
1566 2904 1635 2944 pto
1657 2901 1801 2931 navem
1812 2883 2001 2926 conscen-

259 2953 306 2980 εκ
328 2943 490 2996 vestigiis
506 2944 646 2985 Mffiin
669 2948 812 2998 quibus
834 2951 1005 3000 contegit,
1033 2958 1100 2986 aut
1154 2945 1254 2987 dere.
1286 2949 1327 2984 T.

259 2997 415 3047 centrgit.
431 2998 580 3043 Pistoris
596 3001 706 3038 malit
717 3026 727 3041 ‚
740 3004 907 3055 compegit
918 3003 1095 3045 retinete,
1209 3012 1225 3044 3
1233 3013 1271 3044 9.
1292 3001 1335 3038 ld
1347 3000 1440 3051 quod
1452 2996 1617 3051 volana]
1625 2995 1748 3051 Qod
1758 3006 1881 3050 genus
1892 2989 1995 3032 istud

176 3060 179 3061 ⁷
259 3051 371 3102 quod
389 3052 433 3092 in
453 3053 556 3106 vulg.
576 3053 629 3094 est
648 3054 1034 3109 admodumptoprie
1059 3057 1099 3095 δε
1152 3050 1631 3108 maxumecupit&solet.
1657 3055 1702 3092 T.

1750 3111 1816 3144 60·
1847 3099 1994 3146 Mathis
