2064 3718
449 99 754 159 ‘Ac-rus
804 94 1359 155 1V.ScmAv;
1701 107 1802 178 γε.

43 190 117 272 '5'0
131 193 301 270 Atque
313 190 541 270 adjubeat
554 190 665 247 ferri
678 193 731 248 in
748 192 917 248 navim
933 229 948 255 ,
969 186 1006 244 fi
1022 189 1143 265 quid
1156 188 1353 264 imponi
1366 188 1499 247 velit.

127 271 239 329 Nifi
250 289 351 334 eat,
388 287 437 326 te
448 270 725 326 soluturum
743 269 837 326 esse
852 271 1044 324 navim:
1072 284 1279 322 ventum
1294 286 1499 341 operam
1518 268 1649 326 dare.

127 352 218 408 PL.
229 349 352 408 Satis
366 346 523 425 placet
534 348 753 425 pistura,
791 365 956 426 perge.
994 345 1089 401 ΡΑ.
1115 342 1196 400 ille
1220 344 1479 422 extemplo
1503 345 1640 403 illam
1664 344 1787 406 hor-

357 424 541 482 tabitur
1128 456 1130 458 ·

123 504 321 567 Uteat,
348 522 402 559 ut
416 520 676 580 properet.
701 524 765 561 ne
780 521 934 561 morae
950 498 1008 557 fir
1023 497 1187 556 matri.
1223 501 1313 556 PL.
1334 501 1500 558 multi-
1538 500 1786 576 dfgfsssssisfm

345 584 513 637 modis
524 580 658 658 stipis,
1287 643 1290 646 ,
1697 614 1700 618 ·

77 678 81 684 ·
125 660 341 736 PAAEgo
354 660 420 715 illi
434 664 599 716 dicam
615 701 630 724 ‚
660 679 715 717 ur
733 680 817 717 me
830 660 1112 736 adjutorem
1131 696 1147 720 ‚
1167 653 1255 732 qui
1273 675 1405 714 onus
1418 656 1577 723 feram
1593 656 1657 713 ad
1671 656 1791 733 por{

348 756 487 801 tum,
516 751 677 815 roget.

39 834 69 890 5
81 835 105 888 5
127 812 211 870 Ille
226 820 239 890 j
247 814 421 880 ubebit
439 818 605 870 meite
620 835 734 871 cum
751 815 830 872 illa
843 815 903 868 ad
918 829 1142 889 portum.
1166 830 1262 887 ego
1279 812 1409 867 adeo
1424 855 1437 876 ,
1466 833 1518 870 ut
1530 832 1584 870 tu
1601 811 1712 868 feias
1725 853 1742 877 ‚
1814 864 1818 868 .

125 891 356 949 Prorsum
369 894 593 949 Athenas
606 895 835 970 protinus
848 891 1005 949 abibo
1021 908 1204 946 tecum.
1235 891 1485 967 PL.atque
1503 892 1590 948 ubi
1601 889 1688 946 illo
1705 909 1787 966 ve}

346 972 475 1027 neris
489 1012 505 1035 ,

124 1048 380 1105 Triduum
394 1048 564 1105 servire
578 1068 840 1125 nunquam
855 1065 935 1112 te,
962 1045 1086 1123 quin
1103 1044 1227 1101 liber
1239 1045 1297 1101 fis
1314 1087 1329 1110 ‚
1363 1044 1541 1101 sinam.

123 1127 221 1183 ΡΑ.
252 1127 356 1182 Abi
373 1128 501 1190 cim,
530 1144 681 1202 atque
697 1145 888 1182 ornare.
923 1127 1015 1180 PL.
1039 1125 1272 1200 nunquid
1284 1124 1450 1179 aliud?
1487 1121 1707 1180 PA.haec
1735 1142 1790 1184 ut

345 1223 650 1260 memlnetls.

124 1280 215 1335 PL.
247 1279 417 1353 Abeo.
455 1282 718 1336 PA.&vos
744 1279 875 1334 abite
897 1278 1016 1334 hinc
1037 1277 1173 1332 intro
1202 1278 1458 1341 adrutum,
1496 1297 1616 1333 nam
1639 1279 1789 1336 illum

344 1359 463 1414 hine
478 1358 542 1412 sat
555 1358 655 1412 scio
1423 1414 1427 1416 ,

34 1438 108 1495 60
120 1437 228 1512 Jam
252 1437 500 1492 exiturum
539 1434 633 1490 effe
670 1435 820 1491 intus·
874 1433 983 1489 Ac.
1007 1431 1204 1490 celebre
1229 1432 1361 1510 apud
1390 1452 1488 1489 nos
1511 1432 1789 1510 imperium

341 1526 483 1570 tuum
502 1514 586 1568 est.
649 1517 651 1519 ’

117 1590 215 1645 ΡΑ.
240 1589 424 1668 Agite,
458 1591 703 1648 abscedite
726 1609 877 1670 ergo:
904 1608 1017 1646 ecce
1041 1607 1213 1647 autem
1241 1587 1529 1645 commodo
1570 1590 1788 1666 aperitur

338 1669 474 1726 foris,

112 1744 319 1804 vHilarus
334 1751 436 1804 exit
448 1789 464 1812 ,
487 1747 784 1825 impetravit3
797 1746 961 1805 inhiat
978 1786 994 1814 ‚
1010 1745 1153 1825 quod
1168 1743 1411 1825 nusquam
1431 1743 1500 1801 est
1515 1784 1533 1810 ‚
1563 1743 1629 1786 ΜΠ·
1648 1743 1787 1779 huam

338 1824 498 1883 miser.

87 1999 150 2032 52·
186 1984 395 2041 wiffam]
438 1985 610 2027 Fallaciae
646 1987 690 2027 in
718 1987 893 2027 Militem
938 1987 1150 2040 imperium
1163 1988 1430 2028 Palaestrionis.
1464 1987 1538 2028 Sed
1553 2000 1602 2028 an
1613 1986 1789 2028 maleless

29 2037 214 2080 struendae
239 2040 455 2094 descripti0.
476 2042 646 2091 Lambin„
938 2051 1102 2092 geretur,
1115 2042 1241 2078 celere?
1257 2041 1376 2096 Qast
1386 2042 1504 2088 dicat3
1518 2045 1606 2082 Nos
1616 2041 1689 2082 tibi
1708 2043 1788 2082 im-

89 2101 151 2131 60.
175 2093 310 2132 Celebre
321 2097 418 2149 apud
434 2094 529 2146 nos.]
566 2093 700 2134 celeber
719 2095 763 2134 in
786 2106 889 2133 non·
934 2095 1083 2146 peranti
1102 2108 1353 2147 nequaquam
1374 2097 1416 2134 in
1438 2108 1551 2134 mora
1581 2095 1706 2136 futuri
1724 2092 1788 2136 su-

33 2148 155 2187 nullis
175 2147 368 2188 veteribus
377 2147 512 2201 gloffis
522 2151 746 2200 exponitur,
760 2150 883 2200 prior,
934 2161 1046 2187 mus:
1067 2149 1239 2187 celeriter
1250 2159 1368 2190 tuum
1384 2150 1640 2202 praecipientis
1657 2149 1787 2200 impe-

29 2203 186 2259 primm.
213 2202 310 2243 Vult
321 2215 412 2256 ergo
424 2228 437 2248 ‚
457 2202 589 2255 primo
606 2203 701 2242 loco
723 2201 794 2242 fibi
813 2198 886 2241 effe
927 2198 1510 2256 riumexstquemur.cogitent
1521 2202 1678 2246 eruditi,
1692 2205 1788 2253 Bam,

326 2393 574 2450 Aca-us
636 2392 930 2471 QARTt
978 2393 1224 2450 SCENA
1278 2396 1589 2476 QHNTA,

1038 2515 1054 2537 ὓ

378 2561 978 2603 PYRGOPOLINICES
1004 2586 1018 2606 ,
1071 2561 1486 2606 PALAESTRIO.

112 2669 352 2789 QUod
366 2666 531 2735 vultu,
556 2689 611 2725 ut
622 2669 741 2726 volo
758 2711 774 2735 ,
796 2670 1056 2747 impetravi
1073 2690 1161 2748 per
1187 2674 1461 2730 amicitiam
1491 2678 1547 2730 δι’
1570 2675 1782 2750 gratiam

201 2754 204 2756 ’
227 2746 675 2804 APhilocomasm.
714 2751 808 2804 PA.
821 2749 1067 2824 quidnam
1083 2767 1185 2806 tam
1213 2752 1348 2809 intus
1371 2751 1518 2809 fuiffe·
1539 2769 1590 2808 te
1614 2755 1782 2811 dicam

324 2826 439 2882 diu?
1592 2872 1597 2882 .

107 2898 200 2966 Pr.
239 2902 524 2996 Nunquam
552 2923 650 2982 ego
673 2921 885 2965 metam
910 2902 1033 2961 senfi
1054 2906 1234 2973 amari,
1260 2926 1420 2987 quam
1446 2927 1585 2966 nunc
1610 2908 1676 2965 ab
1701 2908 1783 2992 illa

325 2997 544 3045 inuuere·

995 3085 1028 3126 Ε
1046 3095 1075 3133 4
1517 3065 1617 3119 ΡΑ.
1633 3062 1780 3140 Qid
