<?xml version="1.0" encoding="UTF-8"?>
<!DOCTYPE html PUBLIC "-//W3C//DTD XHTML 1.0 Transitional//EN"
    "http://www.w3.org/TR/xhtml1/DTD/xhtml1-transitional.dtd">
<html xmlns="http://www.w3.org/1999/xhtml" xml:lang="en" lang="en">
 <head>
  <title>
</title>
<meta http-equiv="Content-Type" content="text/html;charset=utf-8" />
  <meta name='ocr-system' content='tesseract 3.04.00' />
  <meta name='ocr-capabilities' content='ocr_page ocr_carea ocr_par ocr_line ocrx_word'/>
</head>
<body>
  <div class='ocr_page' id='page_1' title='image "./macciplauticomdi02plau_0529.png"; bbox 0 0 2005 3686; ppageno 0'>
   <div class='ocr_carea' id='block_1_1' title="bbox 505 97 1423 166">
    <p class='ocr_par' dir='ltr' id='par_1_1' title="bbox 505 97 1423 166">
     <span class='ocr_line' id='line_1_1' title="bbox 505 97 1423 166; baseline -0.01 0"><span class='ocrx_word' id='word_1_1' title='bbox 505 105 857 166; x_wconf 53' lang='lat' dir='ltr'>{Adrus</span> <span class='ocrx_word' id='word_1_2' title='bbox 902 107 944 162; x_wconf 87' lang='lat'>1.</span> <span class='ocrx_word' id='word_1_3' title='bbox 1017 97 1308 160; x_wconf 57' lang='lat' dir='ltr'>Sciam</span> <span class='ocrx_word' id='word_1_4' title='bbox 1343 98 1423 158; x_wconf 71' lang='lat'>11.</span> 
     </span>
    </p>
   </div>
   <div class='ocr_carea' id='block_1_2' title="bbox 1662 110 1779 185">
    <p class='ocr_par' dir='ltr' id='par_1_2' title="bbox 1662 110 1779 185">
     <span class='ocr_line' id='line_1_2' title="bbox 1662 110 1779 185; baseline 0.017 -2"><span class='ocrx_word' id='word_1_5' title='bbox 1662 110 1779 185; x_wconf 73' lang='lat'>523.</span> 
     </span>
    </p>
   </div>
   <div class='ocr_carea' id='block_1_3' title="bbox 25 192 1782 674">
    <p class='ocr_par' dir='ltr' id='par_1_3' title="bbox 108 192 1678 281">
     <span class='ocr_line' id='line_1_3' title="bbox 108 192 1678 281; baseline -0.014 -6"><span class='ocrx_word' id='word_1_6' title='bbox 108 214 218 275; x_wconf 80' lang='lat' dir='ltr'>Ubi</span> <span class='ocrx_word' id='word_1_7' title='bbox 241 206 428 270; x_wconf 83' lang='lat' dir='ltr'>nonest</span> <span class='ocrx_word' id='word_1_8' title='bbox 443 245 459 270; x_wconf 89' lang='lat'>‚</span> <span class='ocrx_word' id='word_1_9' title='bbox 494 204 784 281; x_wconf 80' lang='lat' dir='ltr'>scripturam</span> <span class='ocrx_word' id='word_1_10' title='bbox 802 201 935 259; x_wconf 88' lang='lat' dir='ltr'>unde</span> <span class='ocrx_word' id='word_1_11' title='bbox 949 201 1072 256; x_wconf 87' lang='lat' dir='ltr'>dent</span> <span class='ocrx_word' id='word_1_12' title='bbox 1085 239 1101 265; x_wconf 94' lang='lat'>,</span> <span class='ocrx_word' id='word_1_13' title='bbox 1125 198 1348 255; x_wconf 83' lang='lat' dir='ltr'>incusant</span> <span class='ocrx_word' id='word_1_14' title='bbox 1356 192 1678 276; x_wconf 68' lang='lat' dir='ltr'>publicanos-</span> 
     </span>
    </p>

    <p class='ocr_par' dir='ltr' id='par_1_4' title="bbox 25 270 1782 517">
     <span class='ocr_line' id='line_1_4' title="bbox 25 270 1663 365; baseline -0.014 -13"><span class='ocrx_word' id='word_1_15' title='bbox 25 302 63 362; x_wconf 74' lang='grc'>’4</span> <span class='ocrx_word' id='word_1_16' title='bbox 69 311 91 365; x_wconf 84' lang='lat'><em>5</em></span> <span class='ocrx_word' id='word_1_17' title='bbox 109 299 198 352; x_wconf 91' lang='lat' dir='ltr'>D1.</span> <span class='ocrx_word' id='word_1_18' title='bbox 220 286 355 348; x_wconf 84' lang='lat' dir='ltr'>Male</span> <span class='ocrx_word' id='word_1_19' title='bbox 368 285 519 343; x_wconf 85' lang='lat' dir='ltr'>vortit</span> <span class='ocrx_word' id='word_1_20' title='bbox 535 304 608 339; x_wconf 85' lang='lat' dir='ltr'>tes</span> <span class='ocrx_word' id='word_1_21' title='bbox 620 283 845 361; x_wconf 80' lang='lat' dir='ltr'>pecuaria</span> <span class='ocrx_word' id='word_1_22' title='bbox 856 279 983 336; x_wconf 89' lang='lat' dir='ltr'>mihi</span> <span class='ocrx_word' id='word_1_23' title='bbox 995 277 1130 355; x_wconf 84' lang='lat' dir='ltr'>apud</span> <span class='ocrx_word' id='word_1_24' title='bbox 1141 296 1231 334; x_wconf 88' lang='lat' dir='ltr'>vos</span> <span class='ocrx_word' id='word_1_25' title='bbox 1246 298 1259 333; x_wconf 72' lang='grc' dir='ltr'><strong>ε</strong></span> <span class='ocrx_word' id='word_1_26' title='bbox 1297 296 1436 334; x_wconf 89' lang='lat' dir='ltr'>nunc</span> <span class='ocrx_word' id='word_1_27' title='bbox 1450 270 1663 332; x_wconf 84' lang='lat' dir='ltr'>viciffim</span> 
     </span>
     <span class='ocr_line' id='line_1_5' title="bbox 109 351 1782 436; baseline -0.009 -10"><span class='ocrx_word' id='word_1_28' title='bbox 109 371 246 429; x_wconf 90' lang='lat' dir='ltr'>Volo</span> <span class='ocrx_word' id='word_1_29' title='bbox 260 364 445 420; x_wconf 84' lang='lat' dir='ltr'>habere</span> <span class='ocrx_word' id='word_1_30' title='bbox 458 362 816 418; x_wconf 82' lang='lat' dir='ltr'>aratiunculam</span> <span class='ocrx_word' id='word_1_31' title='bbox 831 379 925 436; x_wconf 88' lang='lat' dir='ltr'>pro</span> <span class='ocrx_word' id='word_1_32' title='bbox 937 360 1082 435; x_wconf 82' lang='lat' dir='ltr'>copia</span> <span class='ocrx_word' id='word_1_33' title='bbox 1096 356 1321 432; x_wconf 82' lang='lat' dir='ltr'>hicapud</span> <span class='ocrx_word' id='word_1_34' title='bbox 1333 374 1439 413; x_wconf 77' lang='lat' dir='ltr'>vos·</span> <span class='ocrx_word' id='word_1_35' title='bbox 1510 351 1607 403; x_wconf 43' lang='lat' dir='ltr'>&#39;¹3²¹‘ss</span> <span class='ocrx_word' id='word_1_36' title='bbox 1623 369 1703 406; x_wconf 78' lang='lat' dir='ltr'>²1⁷ud</span> <span class='ocrx_word' id='word_1_37' title='bbox 1713 358 1782 419; x_wconf 65' lang='lat' dir='ltr'>hos}</span> 
     </span>
     <span class='ocr_line' id='line_1_6' title="bbox 109 433 1504 517; baseline -0.01 -11"><span class='ocrx_word' id='word_1_38' title='bbox 109 450 203 506; x_wconf 83' lang='lat' dir='ltr'>As.</span> <span class='ocrx_word' id='word_1_39' title='bbox 216 446 345 500; x_wconf 90' lang='lat' dir='ltr'>Non</span> <span class='ocrx_word' id='word_1_40' title='bbox 359 460 501 497; x_wconf 80' lang='lat' dir='ltr'>arvus</span> <span class='ocrx_word' id='word_1_41' title='bbox 524 444 606 495; x_wconf 85' lang='lat' dir='ltr'>hic</span> <span class='ocrx_word' id='word_1_42' title='bbox 620 484 636 506; x_wconf 93' lang='lat'>‚</span> <span class='ocrx_word' id='word_1_43' title='bbox 666 440 749 495; x_wconf 87' lang='lat' dir='ltr'>sed</span> <span class='ocrx_word' id='word_1_44' title='bbox 760 436 964 517; x_wconf 83' lang='lat' dir='ltr'>pascuus</span> <span class='ocrx_word' id='word_1_45' title='bbox 978 436 1047 492; x_wconf 89' lang='lat' dir='ltr'>est</span> <span class='ocrx_word' id='word_1_46' title='bbox 1061 454 1190 511; x_wconf 80' lang='lat' dir='ltr'>ager.</span> <span class='ocrx_word' id='word_1_47' title='bbox 1208 433 1241 489; x_wconf 85' lang='lat' dir='ltr'>fi</span> <span class='ocrx_word' id='word_1_48' title='bbox 1256 437 1504 492; x_wconf 84' lang='lat' dir='ltr'>arationes</span> 
     </span>
    </p>

    <p class='ocr_par' dir='ltr' id='par_1_5' title="bbox 74 505 1778 674">
     <span class='ocr_line' id='line_1_7' title="bbox 74 505 1428 595; baseline -0.01 -12"><span class='ocrx_word' id='word_1_49' title='bbox 74 505 96 519; x_wconf 41' lang='lat'><strong>⁶</strong></span> <span class='ocrx_word' id='word_1_50' title='bbox 109 522 369 582; x_wconf 82' lang='lat' dir='ltr'>Habitutis</span> <span class='ocrx_word' id='word_1_51' title='bbox 383 561 399 584; x_wconf 87' lang='lat'>,</span> <span class='ocrx_word' id='word_1_52' title='bbox 424 520 511 595; x_wconf 87' lang='lat' dir='ltr'>qui</span> <span class='ocrx_word' id='word_1_53' title='bbox 526 517 815 574; x_wconf 81' lang='lat' dir='ltr'>ararisolent</span> <span class='ocrx_word' id='word_1_54' title='bbox 833 555 849 578; x_wconf 89' lang='lat'>‚</span> <span class='ocrx_word' id='word_1_55' title='bbox 874 516 936 569; x_wconf 87' lang='lat' dir='ltr'>ad</span> <span class='ocrx_word' id='word_1_56' title='bbox 950 533 1132 591; x_wconf 87' lang='lat' dir='ltr'>pueros</span> <span class='ocrx_word' id='word_1_57' title='bbox 1145 514 1217 568; x_wconf 85' lang='lat' dir='ltr'>ite</span> <span class='ocrx_word' id='word_1_58' title='bbox 1231 510 1428 570; x_wconf 79' lang='lat' dir='ltr'>melius·</span> 
     </span>
     <span class='ocr_line' id='line_1_8' title="bbox 107 590 1778 674; baseline -0.008 -17"><span class='ocrx_word' id='word_1_59' title='bbox 107 604 264 658; x_wconf 88' lang='lat' dir='ltr'>Hunc</span> <span class='ocrx_word' id='word_1_60' title='bbox 280 619 377 659; x_wconf 84' lang='lat' dir='ltr'>nos</span> <span class='ocrx_word' id='word_1_61' title='bbox 393 599 642 654; x_wconf 79' lang='lat' dir='ltr'>habemus</span> <span class='ocrx_word' id='word_1_62' title='bbox 653 595 916 674; x_wconf 87' lang='lat' dir='ltr'>publicum</span> <span class='ocrx_word' id='word_1_63' title='bbox 931 613 944 649; x_wconf 78' lang='lat' dir='ltr'>t</span> <span class='ocrx_word' id='word_1_64' title='bbox 968 590 1039 648; x_wconf 91' lang='lat' dir='ltr'>illi</span> <span class='ocrx_word' id='word_1_65' title='bbox 1053 591 1133 648; x_wconf 77' lang='lat' dir='ltr'>alii</span> <span class='ocrx_word' id='word_1_66' title='bbox 1148 590 1259 651; x_wconf 84' lang='lat' dir='ltr'>sunt</span> <span class='ocrx_word' id='word_1_67' title='bbox 1273 590 1438 668; x_wconf 83' lang='lat' dir='ltr'>publi·</span> <span class='ocrx_word' id='word_1_68' title='bbox 1521 603 1677 636; x_wconf 56' lang='lat' dir='ltr'>mid-&#39;1111</span> <span class='ocrx_word' id='word_1_69' title='bbox 1690 607 1778 640; x_wconf 72' lang='lat' dir='ltr'>aubi.</span> 
     </span>
    </p>
   </div>
   <div class='ocr_carea' id='block_1_4' title="bbox 331 678 456 732">
    <p class='ocr_par' dir='ltr' id='par_1_6' title="bbox 331 678 456 732">
     <span class='ocr_line' id='line_1_9' title="bbox 331 678 456 732; baseline -0.008 0"><span class='ocrx_word' id='word_1_70' title='bbox 331 678 456 732; x_wconf 80' lang='lat' dir='ltr'>cani.</span> 
     </span>
    </p>
   </div>
   <div class='ocr_carea' id='block_1_5' title="bbox 27 745 1812 1299">
    <p class='ocr_par' dir='ltr' id='par_1_7' title="bbox 27 745 1789 983">
     <span class='ocr_line' id='line_1_10' title="bbox 27 745 1789 834; baseline -0.005 -20"><span class='ocrx_word' id='word_1_71' title='bbox 27 779 54 834; x_wconf 83' lang='lat'><em>5</em></span> <span class='ocrx_word' id='word_1_72' title='bbox 64 780 95 814; x_wconf 85' lang='lat' dir='ltr'>o</span> <span class='ocrx_word' id='word_1_73' title='bbox 108 757 198 812; x_wconf 83' lang='lat' dir='ltr'>D1.</span> <span class='ocrx_word' id='word_1_74' title='bbox 211 754 469 830; x_wconf 77' lang='lat' dir='ltr'>Utrosqne</span> <span class='ocrx_word' id='word_1_75' title='bbox 485 751 796 831; x_wconf 82' lang='lat' dir='ltr'>percognovi</span> <span class='ocrx_word' id='word_1_76' title='bbox 814 747 1123 806; x_wconf 85' lang='lat' dir='ltr'>utrobidem.</span> <span class='ocrx_word' id='word_1_77' title='bbox 1164 746 1260 803; x_wconf 83' lang='lat' dir='ltr'>As.</span> <span class='ocrx_word' id='word_1_78' title='bbox 1270 748 1392 806; x_wconf 90' lang='lat' dir='ltr'>istoc</span> <span class='ocrx_word' id='word_1_79' title='bbox 1404 745 1561 824; x_wconf 72' lang='lat' dir='ltr'>pol-tu</span> <span class='ocrx_word' id='word_1_80' title='bbox 1577 749 1789 819; x_wconf 71' lang='lat' dir='ltr'>otiosus„</span> 
     </span>
     <span class='ocr_line' id='line_1_11' title="bbox 110 823 1740 908; baseline -0.003 -19"><span class='ocrx_word' id='word_1_81' title='bbox 110 836 252 889; x_wconf 81' lang='lat' dir='ltr'>Cum</span> <span class='ocrx_word' id='word_1_82' title='bbox 267 838 321 889; x_wconf 84' lang='lat'>&amp;</span> <span class='ocrx_word' id='word_1_83' title='bbox 333 832 427 888; x_wconf 82' lang='lat' dir='ltr'>illic</span> <span class='ocrx_word' id='word_1_84' title='bbox 438 837 492 888; x_wconf 88' lang='lat'>&amp;</span> <span class='ocrx_word' id='word_1_85' title='bbox 507 832 592 888; x_wconf 78' lang='lat' dir='ltr'>bic</span> <span class='ocrx_word' id='word_1_86' title='bbox 607 825 864 908; x_wconf 77' lang='lat' dir='ltr'><strong>pervorsus</strong></span> <span class='ocrx_word' id='word_1_87' title='bbox 877 848 943 884; x_wconf 77' lang='lat' dir='ltr'>es,</span> <span class='ocrx_word' id='word_1_88' title='bbox 963 823 1042 888; x_wconf 86' lang='lat' dir='ltr'>sed</span> <span class='ocrx_word' id='word_1_89' title='bbox 1060 828 1312 882; x_wconf 81' lang='lat' dir='ltr'>utriscum</span> <span class='ocrx_word' id='word_1_90' title='bbox 1327 846 1436 881; x_wconf 86' lang='lat' dir='ltr'>rem</span> <span class='ocrx_word' id='word_1_91' title='bbox 1451 824 1545 882; x_wconf 83' lang='lat' dir='ltr'>effe</span> <span class='ocrx_word' id='word_1_92' title='bbox 1561 828 1740 891; x_wconf 67' lang='lat' dir='ltr'>mavis}</span> 
     </span>
     <span class='ocr_line' id='line_1_12' title="bbox 107 903 1255 983; baseline -0.007 -14"><span class='ocrx_word' id='word_1_93' title='bbox 107 914 199 969; x_wconf 79' lang='lat' dir='ltr'>Dr.</span> <span class='ocrx_word' id='word_1_94' title='bbox 216 912 534 966; x_wconf 78' lang='lat' dir='ltr'>Procaciores</span> <span class='ocrx_word' id='word_1_95' title='bbox 546 910 654 966; x_wconf 83' lang='lat' dir='ltr'>estis</span> <span class='ocrx_word' id='word_1_96' title='bbox 666 929 777 974; x_wconf 80' lang='lat' dir='ltr'>VOS,</span> <span class='ocrx_word' id='word_1_97' title='bbox 802 904 885 963; x_wconf 85' lang='lat' dir='ltr'>sed</span> <span class='ocrx_word' id='word_1_98' title='bbox 898 905 968 962; x_wconf 81' lang='lat' dir='ltr'>illi</span> <span class='ocrx_word' id='word_1_99' title='bbox 980 903 1255 983; x_wconf 84' lang='lat' dir='ltr'>perjuriofi.</span> 
     </span>
    </p>

    <p class='ocr_par' dir='ltr' id='par_1_8' title="bbox 108 982 1645 1141">
     <span class='ocr_line' id='line_1_13' title="bbox 109 982 1645 1064; baseline -0.006 -18"><span class='ocrx_word' id='word_1_100' title='bbox 109 988 206 1046; x_wconf 83' lang='lat' dir='ltr'>Illis</span> <span class='ocrx_word' id='word_1_101' title='bbox 221 989 347 1064; x_wconf 86' lang='lat' dir='ltr'>perit</span> <span class='ocrx_word' id='word_1_102' title='bbox 361 989 602 1064; x_wconf 77' lang='lat' dir='ltr'>quicquid</span> <span class='ocrx_word' id='word_1_103' title='bbox 621 989 761 1043; x_wconf 86' lang='lat' dir='ltr'>datur</span> <span class='ocrx_word' id='word_1_104' title='bbox 776 1025 791 1049; x_wconf 93' lang='lat'>,</span> <span class='ocrx_word' id='word_1_105' title='bbox 834 1003 1002 1059; x_wconf 85' lang='lat' dir='ltr'>neque</span> <span class='ocrx_word' id='word_1_106' title='bbox 1015 982 1128 1059; x_wconf 84' lang='lat' dir='ltr'>ipfis</span> <span class='ocrx_word' id='word_1_107' title='bbox 1142 1001 1342 1060; x_wconf 80' lang='lat' dir='ltr'>apparet</span> <span class='ocrx_word' id='word_1_108' title='bbox 1355 982 1645 1059; x_wconf 71' lang='lat' dir='ltr'>quicquam.</span> 
     </span>
     <span class='ocr_line' id='line_1_14' title="bbox 108 1061 1512 1141; baseline -0.006 -19"><span class='ocrx_word' id='word_1_109' title='bbox 108 1070 219 1122; x_wconf 84' lang='lat' dir='ltr'>Vos</span> <span class='ocrx_word' id='word_1_110' title='bbox 233 1065 403 1122; x_wconf 80' lang='lat' dir='ltr'>saltem</span> <span class='ocrx_word' id='word_1_111' title='bbox 420 1105 434 1128; x_wconf 90' lang='lat'>,</span> <span class='ocrx_word' id='word_1_112' title='bbox 472 1067 506 1121; x_wconf 83' lang='lat' dir='ltr'>fi</span> <span class='ocrx_word' id='word_1_113' title='bbox 522 1066 643 1141; x_wconf 84' lang='lat' dir='ltr'>quid</span> <span class='ocrx_word' id='word_1_114' title='bbox 659 1065 878 1141; x_wconf 84' lang='lat' dir='ltr'>quaeritis</span> <span class='ocrx_word' id='word_1_115' title='bbox 892 1103 907 1126; x_wconf 90' lang='lat'>,</span> <span class='ocrx_word' id='word_1_116' title='bbox 933 1067 987 1118; x_wconf 85' lang='lat'>&amp;</span> <span class='ocrx_word' id='word_1_117' title='bbox 1007 1061 1178 1118; x_wconf 83' lang='lat' dir='ltr'>bibitis</span> <span class='ocrx_word' id='word_1_118' title='bbox 1193 1066 1248 1119; x_wconf 75' lang='lat' dir='ltr'>«Sc</span> <span class='ocrx_word' id='word_1_119' title='bbox 1264 1061 1512 1117; x_wconf 78' lang='lat' dir='ltr'>comestiS.</span> 
     </span>
    </p>

    <p class='ocr_par' dir='ltr' id='par_1_9' title="bbox 29 1135 1504 1222">
     <span class='ocr_line' id='line_1_15' title="bbox 29 1135 1504 1222; baseline -0.005 -21"><span class='ocrx_word' id='word_1_120' title='bbox 29 1168 56 1222; x_wconf 84' lang='lat'><em>5</em></span> <span class='ocrx_word' id='word_1_121' title='bbox 68 1168 94 1222; x_wconf 86' lang='lat'><em>5</em></span> <span class='ocrx_word' id='word_1_122' title='bbox 112 1145 371 1201; x_wconf 84' lang='lat' dir='ltr'>Postremo</span> <span class='ocrx_word' id='word_1_123' title='bbox 385 1144 451 1199; x_wconf 87' lang='lat' dir='ltr'>illi</span> <span class='ocrx_word' id='word_1_124' title='bbox 467 1142 813 1219; x_wconf 77' lang='lat' dir='ltr'>suntimprobi</span> <span class='ocrx_word' id='word_1_125' title='bbox 826 1183 843 1206; x_wconf 86' lang='lat'>,</span> <span class='ocrx_word' id='word_1_126' title='bbox 863 1159 1191 1222; x_wconf 26' lang='lat' dir='ltr'>vosnnequam</span> <span class='ocrx_word' id='word_1_127' title='bbox 1207 1145 1263 1196; x_wconf 83' lang='lat'>&amp;</span> <span class='ocrx_word' id='word_1_128' title='bbox 1279 1135 1504 1216; x_wconf 75' lang='lat' dir='ltr'>gloriosa:</span> 
     </span>
    </p>

    <p class='ocr_par' dir='ltr' id='par_1_10' title="bbox 111 1216 1812 1299">
     <span class='ocr_line' id='line_1_16' title="bbox 111 1216 1812 1299; baseline -0.002 -21"><span class='ocrx_word' id='word_1_129' title='bbox 111 1223 382 1299; x_wconf 81' lang='lat' dir='ltr'>Malaeque.</span> <span class='ocrx_word' id='word_1_130' title='bbox 420 1226 516 1279; x_wconf 78' lang='lat' dir='ltr'>As,</span> <span class='ocrx_word' id='word_1_131' title='bbox 544 1239 655 1297; x_wconf 79' lang='lat' dir='ltr'>quae</span> <span class='ocrx_word' id='word_1_132' title='bbox 670 1225 724 1277; x_wconf 77' lang='lat' dir='ltr'>in</span> <span class='ocrx_word' id='word_1_133' title='bbox 739 1242 834 1277; x_wconf 89' lang='lat' dir='ltr'>nos</span> <span class='ocrx_word' id='word_1_134' title='bbox 847 1217 1053 1296; x_wconf 67' lang='lat' dir='ltr'>illosque</span> <span class='ocrx_word' id='word_1_135' title='bbox 1068 1258 1084 1282; x_wconf 88' lang='lat'>,</span> <span class='ocrx_word' id='word_1_136' title='bbox 1115 1238 1169 1274; x_wconf 81' lang='lat' dir='ltr'>ea</span> <span class='ocrx_word' id='word_1_137' title='bbox 1184 1221 1359 1275; x_wconf 81' lang='lat' dir='ltr'>omnia</span> <span class='ocrx_word' id='word_1_138' title='bbox 1389 1217 1482 1275; x_wconf 84' lang='lat' dir='ltr'>tibi</span> <span class='ocrx_word' id='word_1_139' title='bbox 1505 1216 1626 1273; x_wconf 85' lang='lat' dir='ltr'>dicis</span> <span class='ocrx_word' id='word_1_140' title='bbox 1638 1257 1653 1282; x_wconf 92' lang='lat'>,</span> <span class='ocrx_word' id='word_1_141' title='bbox 1691 1218 1812 1278; x_wconf 71' lang='lat' dir='ltr'>Di--</span> 
     </span>
    </p>
   </div>
   <div class='ocr_carea' id='block_1_6' title="bbox 307 1301 525 1364">
    <p class='ocr_par' dir='ltr' id='par_1_11' title="bbox 307 1301 525 1364">
     <span class='ocr_line' id='line_1_17' title="bbox 307 1301 525 1364; baseline 0 -9"><span class='ocrx_word' id='word_1_142' title='bbox 307 1301 495 1355; x_wconf 84' lang='lat' dir='ltr'>narche</span> <span class='ocrx_word' id='word_1_143' title='bbox 509 1339 525 1364; x_wconf 90' lang='lat'>,</span> 
     </span>
    </p>
   </div>
   <div class='ocr_carea' id='block_1_7' title="bbox 106 1373 1784 1452">
    <p class='ocr_par' dir='ltr' id='par_1_12' title="bbox 106 1373 1784 1452">
     <span class='ocr_line' id='line_1_18' title="bbox 106 1373 1784 1452; baseline -0.005 -15"><span class='ocrx_word' id='word_1_144' title='bbox 106 1381 172 1437; x_wconf 86' lang='lat' dir='ltr'>Et</span> <span class='ocrx_word' id='word_1_145' title='bbox 199 1380 419 1436; x_wconf 82' lang='lat' dir='ltr'>nostram</span> <span class='ocrx_word' id='word_1_146' title='bbox 443 1378 712 1434; x_wconf 80' lang='lat' dir='ltr'>&amp;illorum</span> <span class='ocrx_word' id='word_1_147' title='bbox 737 1377 919 1433; x_wconf 84' lang='lat' dir='ltr'>vicem.</span> <span class='ocrx_word' id='word_1_148' title='bbox 955 1377 1047 1433; x_wconf 82' lang='lat' dir='ltr'>Dr.</span> <span class='ocrx_word' id='word_1_149' title='bbox 1074 1374 1162 1452; x_wconf 73' lang='lat' dir='ltr'>qui</span> <span class='ocrx_word' id='word_1_150' title='bbox 1190 1374 1344 1432; x_wconf 82' lang='lat' dir='ltr'>istuc?</span> <span class='ocrx_word' id='word_1_151' title='bbox 1398 1374 1496 1434; x_wconf 71' lang='lat' dir='ltr'>As,</span> <span class='ocrx_word' id='word_1_152' title='bbox 1531 1373 1784 1432; x_wconf 84' lang='lat' dir='ltr'>rationem</span> 
     </span>
    </p>
   </div>
   <div class='ocr_carea' id='block_1_8' title="bbox 326 1457 520 1512">
    <p class='ocr_par' dir='ltr' id='par_1_13' title="bbox 326 1457 520 1512">
     <span class='ocr_line' id='line_1_19' title="bbox 326 1457 520 1512; baseline 0.01 -2"><span class='ocrx_word' id='word_1_153' title='bbox 326 1457 491 1512; x_wconf 79' lang='lat' dir='ltr'>dicam</span> <span class='ocrx_word' id='word_1_154' title='bbox 508 1478 520 1512; x_wconf 71' lang='grc' dir='ltr'>ε</span> 
     </span>
    </p>
   </div>
   <div class='ocr_carea' id='block_1_9' title="bbox 113 1528 1555 1612">
    <p class='ocr_par' dir='ltr' id='par_1_14' title="bbox 113 1528 1555 1612">
     <span class='ocr_line' id='line_1_20' title="bbox 113 1528 1555 1612; baseline -0.003 -23"><span class='ocrx_word' id='word_1_155' title='bbox 113 1533 375 1612; x_wconf 79' lang='lat' dir='ltr'>QuiaQi</span> <span class='ocrx_word' id='word_1_156' title='bbox 407 1533 844 1608; x_wconf 76' lang='lat' dir='ltr'>ALTERUM</span> <span class='ocrx_word' id='word_1_157' title='bbox 895 1531 1310 1590; x_wconf 88' lang='lat' dir='ltr'>INCUSAT</span> <span class='ocrx_word' id='word_1_158' title='bbox 1347 1528 1555 1608; x_wconf 80' lang='lat' dir='ltr'>probri,</span> 
     </span>
    </p>
   </div>
   <div class='ocr_carea' id='block_1_10' title="bbox 335 1608 1115 1688">
    <p class='ocr_par' dir='ltr' id='par_1_15' title="bbox 335 1608 1115 1688">
     <span class='ocr_line' id='line_1_21' title="bbox 335 1608 1115 1688; baseline -0.003 -22"><span class='ocrx_word' id='word_1_159' title='bbox 335 1631 452 1668; x_wconf 89' lang='lat' dir='ltr'>eum</span> <span class='ocrx_word' id='word_1_160' title='bbox 465 1612 624 1688; x_wconf 82' lang='lat' dir='ltr'>ipsum</span> <span class='ocrx_word' id='word_1_161' title='bbox 644 1608 688 1667; x_wconf 90' lang='lat' dir='ltr'>se</span> <span class='ocrx_word' id='word_1_162' title='bbox 701 1611 881 1667; x_wconf 87' lang='lat' dir='ltr'>intueri</span> <span class='ocrx_word' id='word_1_163' title='bbox 895 1626 1115 1685; x_wconf 77' lang='lat' dir='ltr'>oportet.</span> 
     </span>
    </p>
   </div>
   <div class='ocr_carea' id='block_1_11' title="bbox 1628 1607 1787 1682">
    <p class='ocr_par' dir='ltr' id='par_1_16' title="bbox 1628 1607 1787 1682">
     <span class='ocr_line' id='line_1_22' title="bbox 1661 1607 1787 1646; baseline 0.016 -8"><span class='ocrx_word' id='word_1_164' title='bbox 1661 1607 1787 1646; x_wconf 17' lang='lat' dir='ltr'>ziffusgr</span> 
     </span>
     <span class='ocr_line' id='line_1_23' title="bbox 1628 1647 1784 1682; baseline -0.006 -7"><span class='ocrx_word' id='word_1_165' title='bbox 1628 1654 1698 1676; x_wconf 84' lang='lat' dir='ltr'>eum</span> <span class='ocrx_word' id='word_1_166' title='bbox 1712 1647 1784 1682; x_wconf 79' lang='lat' dir='ltr'>ipse.</span> 
     </span>
    </p>
   </div>
   <div class='ocr_carea' id='block_1_12' title="bbox 109 1683 1785 1769">
    <p class='ocr_par' dir='ltr' id='par_1_17' title="bbox 109 1683 1785 1769">
     <span class='ocr_line' id='line_1_24' title="bbox 109 1683 1785 1769; baseline -0.002 -25"><span class='ocrx_word' id='word_1_167' title='bbox 109 1689 200 1744; x_wconf 84' lang='lat' dir='ltr'>Tu</span> <span class='ocrx_word' id='word_1_168' title='bbox 216 1685 242 1744; x_wconf 70' lang='lat'>{1</span> <span class='ocrx_word' id='word_1_169' title='bbox 258 1690 408 1746; x_wconf 74' lang='lat' dir='ltr'>nobis</span> <span class='ocrx_word' id='word_1_170' title='bbox 423 1732 439 1755; x_wconf 86' lang='lat'>‚</span> <span class='ocrx_word' id='word_1_171' title='bbox 460 1691 648 1769; x_wconf 78' lang='lat' dir='ltr'>sapiens</span> <span class='ocrx_word' id='word_1_172' title='bbox 661 1730 677 1754; x_wconf 89' lang='lat'>,</span> <span class='ocrx_word' id='word_1_173' title='bbox 719 1688 849 1748; x_wconf 76' lang='lat' dir='ltr'>nihil</span> <span class='ocrx_word' id='word_1_174' title='bbox 866 1688 1020 1742; x_wconf 82' lang='lat' dir='ltr'>habes</span> <span class='ocrx_word' id='word_1_175' title='bbox 1039 1709 1052 1743; x_wconf 74' lang='lat' dir='ltr'><strong><em>z</em></strong></span> <span class='ocrx_word' id='word_1_176' title='bbox 1090 1706 1186 1743; x_wconf 90' lang='lat' dir='ltr'>nos</span> <span class='ocrx_word' id='word_1_177' title='bbox 1201 1706 1430 1766; x_wconf 84' lang='lat' dir='ltr'>nequam</span> <span class='ocrx_word' id='word_1_178' title='bbox 1447 1683 1537 1752; x_wconf 86' lang='lat' dir='ltr'>abs</span> <span class='ocrx_word' id='word_1_179' title='bbox 1558 1702 1607 1741; x_wconf 89' lang='lat' dir='ltr'>te</span> <span class='ocrx_word' id='word_1_180' title='bbox 1631 1686 1785 1741; x_wconf 80' lang='lat' dir='ltr'>habe-</span> 
     </span>
    </p>
   </div>
   <div class='ocr_carea' id='block_1_13' title="bbox 309 1788 439 1825">
    <p class='ocr_par' dir='ltr' id='par_1_18' title="bbox 309 1788 439 1825">
     <span class='ocr_line' id='line_1_25' title="bbox 309 1788 439 1825; baseline 0.023 -3"><span class='ocrx_word' id='word_1_181' title='bbox 309 1788 439 1825; x_wconf 85' lang='lat' dir='ltr'>mus.</span> 
     </span>
    </p>
   </div>
   <div class='ocr_carea' id='block_1_14' title="bbox 29 1839 1790 1923">
    <p class='ocr_par' dir='ltr' id='par_1_19' title="bbox 29 1839 1790 1923">
     <span class='ocr_line' id='line_1_26' title="bbox 29 1839 1790 1923; baseline -0.003 -20"><span class='ocrx_word' id='word_1_182' title='bbox 29 1853 103 1903; x_wconf 83' lang='lat'>60</span> <span class='ocrx_word' id='word_1_183' title='bbox 113 1845 201 1902; x_wconf 93' lang='lat' dir='ltr'>D1.</span> <span class='ocrx_word' id='word_1_184' title='bbox 216 1839 271 1900; x_wconf 87' lang='lat' dir='ltr'>O</span> <span class='ocrx_word' id='word_1_185' title='bbox 287 1846 604 1923; x_wconf 78' lang='lat' dir='ltr'>Astaphium,</span> <span class='ocrx_word' id='word_1_186' title='bbox 619 1846 752 1902; x_wconf 87' lang='lat' dir='ltr'>haud</span> <span class='ocrx_word' id='word_1_187' title='bbox 764 1846 886 1902; x_wconf 86' lang='lat' dir='ltr'>istoc</span> <span class='ocrx_word' id='word_1_188' title='bbox 898 1845 1062 1902; x_wconf 82' lang='lat' dir='ltr'>modo</span> <span class='ocrx_word' id='word_1_189' title='bbox 1075 1840 1217 1903; x_wconf 82' lang='lat' dir='ltr'>solita</span> <span class='ocrx_word' id='word_1_190' title='bbox 1230 1864 1281 1903; x_wconf 80' lang='lat' dir='ltr'>es</span> <span class='ocrx_word' id='word_1_191' title='bbox 1292 1864 1376 1901; x_wconf 86' lang='lat' dir='ltr'>me</span> <span class='ocrx_word' id='word_1_192' title='bbox 1390 1863 1508 1905; x_wconf 77' lang='lat' dir='ltr'>ante</span> <span class='ocrx_word' id='word_1_193' title='bbox 1525 1841 1790 1920; x_wconf 84' lang='lat' dir='ltr'>appellare,</span> 
     </span>
    </p>
   </div>
   <div class='ocr_carea' id='block_1_15' title="bbox 1692 1923 1792 1976">
    <p class='ocr_par' dir='ltr' id='par_1_20' title="bbox 1692 1923 1792 1976">
     <span class='ocr_line' id='line_1_27' title="bbox 1692 1923 1792 1976; baseline 0 0"><span class='ocrx_word' id='word_1_194' title='bbox 1692 1923 1792 1976; x_wconf 83' lang='lat' dir='ltr'>Sed</span> 
     </span>
    </p>
   </div>
   <div class='ocr_carea' id='block_1_16' title="bbox 82 2040 1783 2097">
    <p class='ocr_par' dir='ltr' id='par_1_21' title="bbox 82 2040 1783 2097">
     <span class='ocr_line' id='line_1_28' title="bbox 82 2040 1783 2097; baseline 0 -17"><span class='ocrx_word' id='word_1_195' title='bbox 82 2052 152 2087; x_wconf 82' lang='lat'>44·</span> <span class='ocrx_word' id='word_1_196' title='bbox 182 2040 330 2080; x_wconf 80' lang='lat' dir='ltr'>vbinon</span> <span class='ocrx_word' id='word_1_197' title='bbox 340 2042 669 2097; x_wconf 72' lang='lat' dir='ltr'>est,s2ripturam.]</span> <span class='ocrx_word' id='word_1_198' title='bbox 690 2042 878 2096; x_wconf 74' lang='lat' dir='ltr'>Scriptura</span> <span class='ocrx_word' id='word_1_199' title='bbox 930 2055 1059 2094; x_wconf 78' lang='lat' dir='ltr'>agrum</span> <span class='ocrx_word' id='word_1_200' title='bbox 1073 2042 1300 2092; x_wconf 67' lang='lat' dir='ltr'>sbtimalem.</span> <span class='ocrx_word' id='word_1_201' title='bbox 1330 2040 1602 2096; x_wconf 70' lang='lat' dir='ltr'>,Ager&#39;paftuus</span> <span class='ocrx_word' id='word_1_202' title='bbox 1619 2042 1783 2081; x_wconf 85' lang='lat' dir='ltr'>Cicero-</span> 
     </span>
    </p>
   </div>
   <div class='ocr_carea' id='block_1_17' title="bbox 28 2093 884 2799">
    <p class='ocr_par' dir='ltr' id='par_1_22' title="bbox 28 2093 877 2304">
     <span class='ocr_line' id='line_1_29' title="bbox 28 2093 876 2149; baseline 0 -14"><span class='ocrx_word' id='word_1_203' title='bbox 28 2093 82 2135; x_wconf 83' lang='lat' dir='ltr'>est</span> <span class='ocrx_word' id='word_1_204' title='bbox 94 2095 191 2134; x_wconf 86' lang='lat' dir='ltr'>illud</span> <span class='ocrx_word' id='word_1_205' title='bbox 207 2122 218 2139; x_wconf 93' lang='lat'>,</span> <span class='ocrx_word' id='word_1_206' title='bbox 229 2096 339 2147; x_wconf 82' lang='lat' dir='ltr'>quod</span> <span class='ocrx_word' id='word_1_207' title='bbox 353 2097 444 2137; x_wconf 88' lang='lat' dir='ltr'>ideo</span> <span class='ocrx_word' id='word_1_208' title='bbox 455 2099 583 2143; x_wconf 79' lang='lat' dir='ltr'>datur,</span> <span class='ocrx_word' id='word_1_209' title='bbox 598 2107 640 2136; x_wconf 88' lang='lat' dir='ltr'>ut</span> <span class='ocrx_word' id='word_1_210' title='bbox 653 2096 876 2149; x_wconf 81' lang='lat' dir='ltr'>agerpubli-</span> 
     </span>
     <span class='ocr_line' id='line_1_30' title="bbox 29 2148 874 2191; baseline 0.004 -5"><span class='ocrx_word' id='word_1_211' title='bbox 29 2160 98 2187; x_wconf 86' lang='lat' dir='ltr'>cus</span> <span class='ocrx_word' id='word_1_212' title='bbox 121 2148 235 2188; x_wconf 80' lang='lat' dir='ltr'>alicui</span> <span class='ocrx_word' id='word_1_213' title='bbox 256 2149 501 2191; x_wconf 74' lang='lat' dir='ltr'>adscribatur.</span> <span class='ocrx_word' id='word_1_214' title='bbox 533 2155 681 2191; x_wconf 83' lang='lat' dir='ltr'>Sentit:</span> <span class='ocrx_word' id='word_1_215' title='bbox 703 2153 778 2190; x_wconf 85' lang='lat' dir='ltr'>Ubi</span> <span class='ocrx_word' id='word_1_216' title='bbox 793 2164 874 2189; x_wconf 86' lang='lat' dir='ltr'>non</span> 
     </span>
     <span class='ocr_line' id='line_1_31' title="bbox 30 2201 877 2255; baseline 0.005 -15"><span class='ocrx_word' id='word_1_217' title='bbox 30 2201 83 2244; x_wconf 82' lang='lat' dir='ltr'>est</span> <span class='ocrx_word' id='word_1_218' title='bbox 95 2203 253 2252; x_wconf 82' lang='lat' dir='ltr'>pecunia</span> <span class='ocrx_word' id='word_1_219' title='bbox 265 2229 276 2244; x_wconf 80' lang='lat'><em>‚</em></span> <span class='ocrx_word' id='word_1_220' title='bbox 289 2217 410 2255; x_wconf 81' lang='lat' dir='ltr'>quam</span> <span class='ocrx_word' id='word_1_221' title='bbox 424 2205 520 2246; x_wconf 87' lang='lat' dir='ltr'>dent</span> <span class='ocrx_word' id='word_1_222' title='bbox 530 2207 663 2246; x_wconf 83' lang='lat' dir='ltr'>amicae</span> <span class='ocrx_word' id='word_1_223' title='bbox 675 2233 686 2251; x_wconf 89' lang='lat'>‚</span> <span class='ocrx_word' id='word_1_224' title='bbox 700 2203 877 2245; x_wconf 79' lang='lat' dir='ltr'>accusant</span> 
     </span>
     <span class='ocr_line' id='line_1_32' title="bbox 29 2257 358 2304; baseline 0.006 -10"><span class='ocrx_word' id='word_1_225' title='bbox 29 2257 213 2300; x_wconf 73' lang='lat' dir='ltr'>amicam.</span> <span class='ocrx_word' id='word_1_226' title='bbox 239 2258 358 2304; x_wconf 70' lang='lat' dir='ltr'>Pistor.</span> 
     </span>
    </p>

    <p class='ocr_par' dir='ltr' id='par_1_23' title="bbox 28 2312 884 2799">
     <span class='ocr_line' id='line_1_33' title="bbox 81 2312 876 2366; baseline 0.005 -18"><span class='ocrx_word' id='word_1_227' title='bbox 81 2320 151 2355; x_wconf 76' lang='lat'>46.</span> <span class='ocrx_word' id='word_1_228' title='bbox 181 2312 516 2364; x_wconf 42' lang='lat' dir='ltr'>aratiunculam]</span> <span class='ocrx_word' id='word_1_229' title='bbox 545 2312 590 2352; x_wconf 89' lang='lat' dir='ltr'>Id</span> <span class='ocrx_word' id='word_1_230' title='bbox 602 2313 676 2358; x_wconf 83' lang='lat' dir='ltr'>est,</span> <span class='ocrx_word' id='word_1_231' title='bbox 707 2312 876 2366; x_wconf 80' lang='lat' dir='ltr'>agellum</span> 
     </span>
     <span class='ocr_line' id='line_1_34' title="bbox 28 2363 880 2420; baseline 0.007 -19"><span class='ocrx_word' id='word_1_232' title='bbox 28 2363 288 2411; x_wconf 65' lang='lat' dir='ltr'>conduCtum,</span> <span class='ocrx_word' id='word_1_233' title='bbox 303 2379 422 2420; x_wconf 88' lang='lat' dir='ltr'>quem</span> <span class='ocrx_word' id='word_1_234' title='bbox 435 2370 764 2407; x_wconf 75' lang='lat' dir='ltr'>arem..Arationes</span> <span class='ocrx_word' id='word_1_235' title='bbox 774 2376 880 2407; x_wconf 85' lang='lat' dir='ltr'>etant</span> 
     </span>
     <span class='ocr_line' id='line_1_35' title="bbox 30 2418 882 2473; baseline 0.007 -18"><span class='ocrx_word' id='word_1_236' title='bbox 30 2418 110 2469; x_wconf 75' lang='lat' dir='ltr'>agri</span> <span class='ocrx_word' id='word_1_237' title='bbox 122 2418 267 2470; x_wconf 88' lang='lat' dir='ltr'>publici</span> <span class='ocrx_word' id='word_1_238' title='bbox 280 2445 293 2461; x_wconf 91' lang='lat'>‚</span> <span class='ocrx_word' id='word_1_239' title='bbox 322 2422 393 2473; x_wconf 85' lang='lat' dir='ltr'>qui</span> <span class='ocrx_word' id='word_1_240' title='bbox 403 2420 620 2461; x_wconf 77' lang='lat' dir='ltr'>aratoribus</span> <span class='ocrx_word' id='word_1_241' title='bbox 630 2421 789 2461; x_wconf 89' lang='lat' dir='ltr'>colendi</span> <span class='ocrx_word' id='word_1_242' title='bbox 813 2421 882 2460; x_wconf 84' lang='lat' dir='ltr'>da-</span> 
     </span>
     <span class='ocr_line' id='line_1_36' title="bbox 31 2468 882 2528; baseline 0.007 -20"><span class='ocrx_word' id='word_1_243' title='bbox 31 2468 191 2517; x_wconf 81' lang='lat' dir='ltr'>bantur,</span> <span class='ocrx_word' id='word_1_244' title='bbox 206 2473 245 2511; x_wconf 88' lang='lat'>&amp;</span> <span class='ocrx_word' id='word_1_245' title='bbox 261 2483 449 2528; x_wconf 81' lang='lat' dir='ltr'>tanquam</span> <span class='ocrx_word' id='word_1_246' title='bbox 461 2476 706 2519; x_wconf 80' lang='lat' dir='ltr'>locabantur,</span> <span class='ocrx_word' id='word_1_247' title='bbox 718 2473 882 2528; x_wconf 78' lang='lat' dir='ltr'>imposi-</span> 
     </span>
     <span class='ocr_line' id='line_1_37' title="bbox 33 2525 883 2582; baseline 0.006 -18"><span class='ocrx_word' id='word_1_248' title='bbox 33 2525 84 2564; x_wconf 80' lang='lat' dir='ltr'>tis</span> <span class='ocrx_word' id='word_1_249' title='bbox 93 2526 269 2566; x_wconf 85' lang='lat' dir='ltr'>decumis</span> <span class='ocrx_word' id='word_1_250' title='bbox 280 2543 290 2564; x_wconf 88' lang='lat'>.·</span> <span class='ocrx_word' id='word_1_251' title='bbox 304 2537 370 2568; x_wconf 85' lang='lat' dir='ltr'>aut</span> <span class='ocrx_word' id='word_1_252' title='bbox 381 2527 553 2581; x_wconf 83' lang='lat' dir='ltr'>denique</span> <span class='ocrx_word' id='word_1_253' title='bbox 568 2531 647 2582; x_wconf 82' lang='lat' dir='ltr'>agri</span> <span class='ocrx_word' id='word_1_254' title='bbox 662 2532 799 2575; x_wconf 85' lang='lat' dir='ltr'>etiam,</span> <span class='ocrx_word' id='word_1_255' title='bbox 813 2530 883 2582; x_wconf 87' lang='lat' dir='ltr'>qui</span> 
     </span>
     <span class='ocr_line' id='line_1_38' title="bbox 31 2577 877 2635; baseline 0 -14"><span class='ocrx_word' id='word_1_256' title='bbox 31 2577 216 2621; x_wconf 76' lang='lat' dir='ltr'>decumas</span> <span class='ocrx_word' id='word_1_257' title='bbox 247 2583 396 2633; x_wconf 84' lang='lat' dir='ltr'>populo</span> <span class='ocrx_word' id='word_1_258' title='bbox 434 2585 624 2623; x_wconf 80' lang='lat' dir='ltr'>Romano</span> <span class='ocrx_word' id='word_1_259' title='bbox 644 2584 877 2635; x_wconf 83' lang='lat' dir='ltr'>pendebant.</span> 
     </span>
     <span class='ocr_line' id='line_1_39' title="bbox 36 2634 881 2691; baseline 0.007 -21"><span class='ocrx_word' id='word_1_260' title='bbox 36 2634 118 2671; x_wconf 88' lang='lat' dir='ltr'>Nec</span> <span class='ocrx_word' id='word_1_261' title='bbox 129 2642 211 2672; x_wconf 84' lang='lat' dir='ltr'>tam</span> <span class='ocrx_word' id='word_1_262' title='bbox 224 2644 390 2675; x_wconf 82' lang='lat' dir='ltr'>aratores</span> <span class='ocrx_word' id='word_1_263' title='bbox 413 2636 571 2677; x_wconf 75' lang='lat' dir='ltr'>domini</span> <span class='ocrx_word' id='word_1_264' title='bbox 592 2647 726 2681; x_wconf 79' lang='lat' dir='ltr'>erant,</span> <span class='ocrx_word' id='word_1_265' title='bbox 758 2650 881 2691; x_wconf 86' lang='lat' dir='ltr'>quam</span> 
     </span>
     <span class='ocr_line' id='line_1_40' title="bbox 33 2687 882 2739; baseline 0.006 -15"><span class='ocrx_word' id='word_1_266' title='bbox 33 2687 269 2739; x_wconf 70' lang='lat' dir='ltr'>Reipublicae</span> <span class='ocrx_word' id='word_1_267' title='bbox 280 2690 442 2739; x_wconf 81' lang='lat' dir='ltr'>quidam</span> <span class='ocrx_word' id='word_1_268' title='bbox 454 2692 605 2731; x_wconf 82' lang='lat' dir='ltr'>coloni.</span> <span class='ocrx_word' id='word_1_269' title='bbox 622 2694 682 2731; x_wconf 89' lang='lat' dir='ltr'>Sic</span> <span class='ocrx_word' id='word_1_270' title='bbox 693 2696 882 2736; x_wconf 75' lang='lat' dir='ltr'>arationes,</span> 
     </span>
     <span class='ocr_line' id='line_1_41' title="bbox 37 2738 884 2799; baseline 0.008 -21"><span class='ocrx_word' id='word_1_271' title='bbox 37 2738 78 2778; x_wconf 85' lang='lat'>&amp;</span> <span class='ocrx_word' id='word_1_272' title='bbox 96 2752 276 2783; x_wconf 81' lang='lat' dir='ltr'>aratores,</span> <span class='ocrx_word' id='word_1_273' title='bbox 301 2744 342 2781; x_wconf 88' lang='lat' dir='ltr'>in</span> <span class='ocrx_word' id='word_1_274' title='bbox 362 2747 463 2784; x_wconf 80' lang='lat' dir='ltr'>Verr.</span> <span class='ocrx_word' id='word_1_275' title='bbox 492 2747 634 2785; x_wconf 79' lang='lat' dir='ltr'>cicero</span> <span class='ocrx_word' id='word_1_276' title='bbox 655 2745 802 2799; x_wconf 83' lang='lat' dir='ltr'>semper</span> <span class='ocrx_word' id='word_1_277' title='bbox 820 2759 884 2799; x_wconf 83' lang='lat' dir='ltr'>ap-</span> 
     </span>
    </p>
   </div>
   <div class='ocr_carea' id='block_1_18' title="bbox 34 2795 883 2891">
    <p class='ocr_par' dir='ltr' id='par_1_24' title="bbox 34 2795 883 2891">
     <span class='ocr_line' id='line_1_42' title="bbox 34 2795 883 2855; baseline 0.011 -24"><span class='ocrx_word' id='word_1_278' title='bbox 34 2795 152 2853; x_wconf 66' lang='lat' dir='ltr'>pellat</span> <span class='ocrx_word' id='word_1_279' title='bbox 160 2808 270 2847; x_wconf 84' lang='lat' dir='ltr'>agros</span> <span class='ocrx_word' id='word_1_280' title='bbox 282 2795 583 2843; x_wconf 81' lang='lat' dir='ltr'>decumanos,&amp;</span> <span class='ocrx_word' id='word_1_281' title='bbox 594 2802 755 2853; x_wconf 85' lang='lat' dir='ltr'>eos,qui</span> <span class='ocrx_word' id='word_1_282' title='bbox 768 2813 883 2855; x_wconf 75' lang='lat' dir='ltr'>agros</span> 
     </span>
     <span class='ocr_line' id='line_1_43' title="bbox 36 2846 778 2891; baseline 0.011 -6"><span class='ocrx_word' id='word_1_283' title='bbox 36 2846 128 2886; x_wconf 76' lang='lat' dir='ltr'>illos</span> <span class='ocrx_word' id='word_1_284' title='bbox 139 2849 338 2888; x_wconf 83' lang='lat' dir='ltr'>colebant.</span> <span class='ocrx_word' id='word_1_285' title='bbox 368 2851 520 2891; x_wconf 78' lang='lat' dir='ltr'>Turneb.</span> <span class='ocrx_word' id='word_1_286' title='bbox 776 2857 778 2859; x_wconf 82' lang='lat'>&#39;</span> 
     </span>
    </p>
   </div>
   <div class='ocr_carea' id='block_1_19' title="bbox 95 2905 883 2959">
    <p class='ocr_par' dir='ltr' id='par_1_25' title="bbox 95 2905 883 2959">
     <span class='ocr_line' id='line_1_44' title="bbox 95 2905 883 2959; baseline 0.014 -21"><span class='ocrx_word' id='word_1_287' title='bbox 95 2912 162 2950; x_wconf 86' lang='lat'>47.</span> <span class='ocrx_word' id='word_1_288' title='bbox 188 2909 270 2942; x_wconf 82' lang='lat' dir='ltr'>Non</span> <span class='ocrx_word' id='word_1_289' title='bbox 291 2905 440 2958; x_wconf 63' lang='lat' dir='ltr'>arvus]</span> <span class='ocrx_word' id='word_1_290' title='bbox 450 2909 692 2959; x_wconf 64' lang='lat' dir='ltr'>Vanum-Ager</span> <span class='ocrx_word' id='word_1_291' title='bbox 704 2921 814 2947; x_wconf 67' lang='lat' dir='ltr'>arum</span> <span class='ocrx_word' id='word_1_292' title='bbox 826 2908 883 2956; x_wconf 81' lang='lat' dir='ltr'>est,</span> 
     </span>
    </p>
   </div>
   <div class='ocr_carea' id='block_1_20' title="bbox 37 2955 884 3066">
    <p class='ocr_par' dir='ltr' id='par_1_26' title="bbox 37 2955 884 3066">
     <span class='ocr_line' id='line_1_45' title="bbox 37 2955 884 3010; baseline 0.018 -22"><span class='ocrx_word' id='word_1_293' title='bbox 37 2955 207 3005; x_wconf 69' lang='lat' dir='ltr'>consitus,</span> <span class='ocrx_word' id='word_1_294' title='bbox 239 2958 386 3010; x_wconf 65' lang='lat' dir='ltr'>pastum</span> <span class='ocrx_word' id='word_1_295' title='bbox 408 2984 421 3004; x_wconf 89' lang='lat'>‚</span> <span class='ocrx_word' id='word_1_296' title='bbox 460 2961 601 3006; x_wconf 81' lang='lat' dir='ltr'>florens.</span> <span class='ocrx_word' id='word_1_297' title='bbox 630 2965 738 3001; x_wconf 74' lang='lat' dir='ltr'>Idem</span> <span class='ocrx_word' id='word_1_298' title='bbox 762 2962 811 3001; x_wconf 86' lang='lat' dir='ltr'>de</span> <span class='ocrx_word' id='word_1_299' title='bbox 844 2976 884 3001; x_wconf 84' lang='lat' dir='ltr'>re</span> 
     </span>
     <span class='ocr_line' id='line_1_46' title="bbox 39 3007 880 3066; baseline 0.014 -22"><span class='ocrx_word' id='word_1_300' title='bbox 39 3007 146 3046; x_wconf 85' lang='lat' dir='ltr'>Rust.</span> <span class='ocrx_word' id='word_1_301' title='bbox 161 3011 571 3064; x_wconf 81' lang='lat' dir='ltr'>interpretaturarvum</span> <span class='ocrx_word' id='word_1_302' title='bbox 583 3040 593 3057; x_wconf 94' lang='lat'><strong><em>‚</em></strong></span> <span class='ocrx_word' id='word_1_303' title='bbox 610 3017 719 3066; x_wconf 86' lang='lat' dir='ltr'>quod</span> <span class='ocrx_word' id='word_1_304' title='bbox 730 3028 880 3056; x_wconf 84' lang='lat' dir='ltr'>aratum</span> 
     </span>
    </p>
   </div>
   <div class='ocr_carea' id='block_1_21' title="bbox 37 3061 883 3122">
    <p class='ocr_par' dir='ltr' id='par_1_27' title="bbox 37 3061 883 3122">
     <span class='ocr_line' id='line_1_47' title="bbox 37 3061 883 3122; baseline 0.012 -22"><span class='ocrx_word' id='word_1_305' title='bbox 37 3072 110 3102; x_wconf 84' lang='lat' dir='ltr'>nec</span> <span class='ocrx_word' id='word_1_306' title='bbox 119 3061 245 3116; x_wconf 73' lang='lat' dir='ltr'>satum</span> <span class='ocrx_word' id='word_1_307' title='bbox 256 3067 322 3106; x_wconf 82' lang='lat' dir='ltr'>est.</span> <span class='ocrx_word' id='word_1_308' title='bbox 343 3067 423 3108; x_wconf 80' lang='lat' dir='ltr'>Alii</span> <span class='ocrx_word' id='word_1_309' title='bbox 431 3079 570 3114; x_wconf 53' lang='lat' dir='ltr'>arvum</span> <span class='ocrx_word' id='word_1_310' title='bbox 583 3069 883 3122; x_wconf 76' lang='lat' dir='ltr'>interpretantur</span> 
     </span>
    </p>
   </div>
   <div class='ocr_carea' id='block_1_22' title="bbox 933 2096 1794 3172">
    <p class='ocr_par' dir='ltr' id='par_1_28' title="bbox 933 2096 1790 2201">
     <span class='ocr_line' id='line_1_48' title="bbox 934 2096 1790 2152; baseline 0 -17"><span class='ocrx_word' id='word_1_311' title='bbox 934 2098 1030 2136; x_wconf 87' lang='lat' dir='ltr'>ni&amp;</span> <span class='ocrx_word' id='word_1_312' title='bbox 1046 2096 1136 2136; x_wconf 86' lang='lat' dir='ltr'>Fab.</span> <span class='ocrx_word' id='word_1_313' title='bbox 1159 2097 1381 2152; x_wconf 69' lang='lat' dir='ltr'>compascuus</span> <span class='ocrx_word' id='word_1_314' title='bbox 1393 2125 1405 2141; x_wconf 91' lang='lat'>‚</span> <span class='ocrx_word' id='word_1_315' title='bbox 1417 2096 1707 2136; x_wconf 83' lang='lat' dir='ltr'>communisad</span> <span class='ocrx_word' id='word_1_316' title='bbox 1720 2109 1790 2150; x_wconf 82' lang='lat' dir='ltr'>pa-</span> 
     </span>
     <span class='ocr_line' id='line_1_49' title="bbox 933 2149 1585 2201; baseline 0 -11"><span class='ocrx_word' id='word_1_317' title='bbox 933 2149 1229 2201; x_wconf 80' lang='lat' dir='ltr'>scendapecora.</span> <span class='ocrx_word' id='word_1_318' title='bbox 1256 2152 1408 2189; x_wconf 84' lang='lat' dir='ltr'>Turneb.</span> <span class='ocrx_word' id='word_1_319' title='bbox 1581 2186 1585 2190; x_wconf 18' lang='grc' dir='ltr'><strong>Α</strong></span> 
     </span>
    </p>

    <p class='ocr_par' dir='ltr' id='par_1_29' title="bbox 933 2202 1791 2636">
     <span class='ocr_line' id='line_1_50' title="bbox 982 2202 1789 2259; baseline 0.001 -17"><span class='ocrx_word' id='word_1_320' title='bbox 982 2214 1049 2249; x_wconf 83' lang='lat'>48.</span> <span class='ocrx_word' id='word_1_321' title='bbox 1074 2205 1306 2259; x_wconf 60' lang='lat' dir='ltr'>Habitum]</span> <span class='ocrx_word' id='word_1_322' title='bbox 1326 2202 1635 2257; x_wconf 83' lang='lat' dir='ltr'>Legendumest,</span> <span class='ocrx_word' id='word_1_323' title='bbox 1649 2213 1694 2243; x_wconf 88' lang='lat' dir='ltr'>ut</span> <span class='ocrx_word' id='word_1_324' title='bbox 1705 2203 1789 2243; x_wconf 82' lang='lat' dir='ltr'>edi-</span> 
     </span>
     <span class='ocr_line' id='line_1_51' title="bbox 933 2258 1787 2311; baseline -0.001 -15"><span class='ocrx_word' id='word_1_325' title='bbox 933 2259 1066 2298; x_wconf 80' lang='lat' dir='ltr'>tiones</span> <span class='ocrx_word' id='word_1_326' title='bbox 1077 2258 1442 2311; x_wconf 75' lang='lat' dir='ltr'>pleraequehab‘ent,</span> <span class='ocrx_word' id='word_1_327' title='bbox 1461 2261 1496 2311; x_wconf 85' lang='lat' dir='ltr'><strong><em>fi</em></strong></span> <span class='ocrx_word' id='word_1_328' title='bbox 1515 2259 1695 2295; x_wconf 76' lang='lat' dir='ltr'>arationes</span> <span class='ocrx_word' id='word_1_329' title='bbox 1706 2273 1787 2295; x_wconf 77' lang='lat' dir='ltr'>am·</span> 
     </span>
     <span class='ocr_line' id='line_1_52' title="bbox 935 2310 1787 2364; baseline 0.002 -15"><span class='ocrx_word' id='word_1_330' title='bbox 935 2312 1075 2351; x_wconf 73' lang='lat' dir='ltr'>bituris.</span> <span class='ocrx_word' id='word_1_331' title='bbox 1111 2316 1253 2364; x_wconf 82' lang='lat' dir='ltr'>Neque</span> <span class='ocrx_word' id='word_1_332' title='bbox 1273 2322 1407 2352; x_wconf 87' lang='lat' dir='ltr'>tamen</span> <span class='ocrx_word' id='word_1_333' title='bbox 1428 2312 1614 2364; x_wconf 86' lang='lat' dir='ltr'>improbo</span> <span class='ocrx_word' id='word_1_334' title='bbox 1629 2310 1787 2363; x_wconf 81' lang='lat' dir='ltr'>scriptu-</span> 
     </span>
     <span class='ocr_line' id='line_1_53' title="bbox 934 2365 1791 2420; baseline -0.002 -15"><span class='ocrx_word' id='word_1_335' title='bbox 934 2378 1016 2406; x_wconf 86' lang='lat' dir='ltr'>ram</span> <span class='ocrx_word' id='word_1_336' title='bbox 1035 2377 1211 2407; x_wconf 84' lang='lat' dir='ltr'>veterum</span> <span class='ocrx_word' id='word_1_337' title='bbox 1222 2367 1408 2407; x_wconf 85' lang='lat' dir='ltr'>codicum</span> <span class='ocrx_word' id='word_1_338' title='bbox 1424 2384 1435 2415; x_wconf 78' lang='lat'>5</span> <span class='ocrx_word' id='word_1_339' title='bbox 1451 2369 1486 2420; x_wconf 85' lang='lat' dir='ltr'><strong><em>fi</em></strong></span> <span class='ocrx_word' id='word_1_340' title='bbox 1499 2376 1674 2404; x_wconf 78' lang='lat' dir='ltr'>arattones</span> <span class='ocrx_word' id='word_1_341' title='bbox 1685 2365 1791 2404; x_wconf 77' lang='lat' dir='ltr'>habi-</span> 
     </span>
     <span class='ocr_line' id='line_1_54' title="bbox 938 2418 1788 2473; baseline -0.007 -10"><span class='ocrx_word' id='word_1_342' title='bbox 938 2423 1026 2458; x_wconf 81' lang='lat' dir='ltr'>turis</span> <span class='ocrx_word' id='word_1_343' title='bbox 1041 2448 1052 2466; x_wconf 88' lang='lat'>,</span> <span class='ocrx_word' id='word_1_344' title='bbox 1073 2421 1112 2461; x_wconf 85' lang='lat' dir='ltr'>id</span> <span class='ocrx_word' id='word_1_345' title='bbox 1124 2421 1178 2459; x_wconf 85' lang='lat' dir='ltr'>est</span> <span class='ocrx_word' id='word_1_346' title='bbox 1192 2446 1202 2463; x_wconf 87' lang='lat'><em>‚</em></span> <span class='ocrx_word' id='word_1_347' title='bbox 1218 2421 1358 2461; x_wconf 84' lang='lat' dir='ltr'>habere</span> <span class='ocrx_word' id='word_1_348' title='bbox 1371 2425 1477 2473; x_wconf 83' lang='lat' dir='ltr'>cupis</span> <span class='ocrx_word' id='word_1_349' title='bbox 1488 2449 1494 2457; x_wconf 88' lang='lat'>.</span> <span class='ocrx_word' id='word_1_350' title='bbox 1507 2423 1566 2460; x_wconf 88' lang='lat' dir='ltr'>Sic</span> <span class='ocrx_word' id='word_1_351' title='bbox 1578 2418 1686 2458; x_wconf 79' lang='lat' dir='ltr'>versu</span> <span class='ocrx_word' id='word_1_352' title='bbox 1697 2432 1788 2471; x_wconf 79' lang='lat' dir='ltr'>prae-</span> 
     </span>
     <span class='ocr_line' id='line_1_55' title="bbox 937 2475 1781 2522; baseline -0.004 -7"><span class='ocrx_word' id='word_1_353' title='bbox 937 2475 1090 2515; x_wconf 83' lang='lat' dir='ltr'>cedenti</span> <span class='ocrx_word' id='word_1_354' title='bbox 1111 2476 1237 2522; x_wconf 82' lang='lat' dir='ltr'>dixit3</span> <span class='ocrx_word' id='word_1_355' title='bbox 1257 2478 1338 2513; x_wconf 84' lang='lat' dir='ltr'><em>volo</em></span> <span class='ocrx_word' id='word_1_356' title='bbox 1352 2476 1476 2515; x_wconf 80' lang='lat' dir='ltr'>habere</span> <span class='ocrx_word' id='word_1_357' title='bbox 1500 2476 1781 2513; x_wconf 74' lang='lat' dir='ltr'>aratiunculam.</span> 
     </span>
     <span class='ocr_line' id='line_1_56' title="bbox 940 2528 1788 2581; baseline 0.001 -14"><span class='ocrx_word' id='word_1_358' title='bbox 940 2528 1137 2569; x_wconf 82' lang='lat' dir='ltr'>Abiturire</span> <span class='ocrx_word' id='word_1_359' title='bbox 1150 2531 1197 2568; x_wconf 85' lang='lat' dir='ltr'>ad</span> <span class='ocrx_word' id='word_1_360' title='bbox 1220 2531 1415 2576; x_wconf 81' lang='lat' dir='ltr'>arationes</span> <span class='ocrx_word' id='word_1_361' title='bbox 1432 2530 1523 2569; x_wconf 81' lang='lat' dir='ltr'>feni</span> <span class='ocrx_word' id='word_1_362' title='bbox 1544 2541 1628 2568; x_wconf 88' lang='lat' dir='ltr'>non</span> <span class='ocrx_word' id='word_1_363' title='bbox 1649 2529 1788 2581; x_wconf 76' lang='lat' dir='ltr'>potest.</span> 
     </span>
     <span class='ocr_line' id='line_1_57' title="bbox 939 2580 1736 2636; baseline -0.004 -15"><span class='ocrx_word' id='word_1_364' title='bbox 939 2582 967 2621; x_wconf 81' lang='lat' dir='ltr'>fi</span> <span class='ocrx_word' id='word_1_365' title='bbox 979 2584 1068 2636; x_wconf 88' lang='lat' dir='ltr'>quis</span> <span class='ocrx_word' id='word_1_366' title='bbox 1078 2580 1273 2635; x_wconf 82' lang='lat' dir='ltr'>sciatquid</span> <span class='ocrx_word' id='word_1_367' title='bbox 1285 2583 1330 2623; x_wconf 87' lang='lat' dir='ltr'>fit</span> <span class='ocrx_word' id='word_1_368' title='bbox 1345 2584 1410 2624; x_wconf 78' lang='lat' dir='ltr'>hic</span> <span class='ocrx_word' id='word_1_369' title='bbox 1427 2585 1561 2623; x_wconf 78' lang='lat' dir='ltr'>aratio.</span> <span class='ocrx_word' id='word_1_370' title='bbox 1578 2583 1736 2632; x_wconf 71' lang='lat' dir='ltr'>Salmas?</span> 
     </span>
    </p>

    <p class='ocr_par' dir='ltr' id='par_1_30' title="bbox 940 2636 1790 2801">
     <span class='ocr_line' id='line_1_58' title="bbox 999 2636 1789 2689; baseline -0.003 -14"><span class='ocrx_word' id='word_1_371' title='bbox 999 2651 1062 2683; x_wconf 85' lang='lat'>52.</span> <span class='ocrx_word' id='word_1_372' title='bbox 1097 2638 1351 2689; x_wconf 56' lang='lat' dir='ltr'>promtiores]</span> <span class='ocrx_word' id='word_1_373' title='bbox 1391 2638 1552 2682; x_wconf 71' lang='lat' dir='ltr'>Procari,</span> <span class='ocrx_word' id='word_1_374' title='bbox 1577 2636 1708 2689; x_wconf 66' lang='lat' dir='ltr'>poscere</span> <span class='ocrx_word' id='word_1_375' title='bbox 1723 2636 1789 2685; x_wconf 74' lang='lat' dir='ltr'>est:</span> 
     </span>
     <span class='ocr_line' id='line_1_59' title="bbox 941 2690 1790 2736; baseline -0.001 -7"><span class='ocrx_word' id='word_1_376' title='bbox 941 2692 1029 2729; x_wconf 67' lang='lat' dir='ltr'>mide</span> <span class='ocrx_word' id='word_1_377' title='bbox 1041 2690 1084 2729; x_wconf 65' lang='grc' dir='ltr'>ὑ·</span> <span class='ocrx_word' id='word_1_378' title='bbox 1107 2695 1225 2736; x_wconf 66' lang='lat' dir='ltr'>Proui,</span> <span class='ocrx_word' id='word_1_379' title='bbox 1261 2699 1304 2731; x_wconf 66' lang='grc' dir='ltr'>(θ’</span> <span class='ocrx_word' id='word_1_380' title='bbox 1322 2697 1479 2732; x_wconf 87' lang='lat' dir='ltr'>Procaces</span> <span class='ocrx_word' id='word_1_381' title='bbox 1496 2694 1693 2730; x_wconf 80' lang='lat' dir='ltr'>meretrices</span> <span class='ocrx_word' id='word_1_382' title='bbox 1706 2708 1718 2728; x_wconf 94' lang='lat'>.·</span> <span class='ocrx_word' id='word_1_383' title='bbox 1747 2692 1790 2728; x_wconf 66' lang='grc' dir='ltr'>θ’</span> 
     </span>
     <span class='ocr_line' id='line_1_60' title="bbox 940 2744 1690 2801; baseline -0.001 -17"><span class='ocrx_word' id='word_1_384' title='bbox 940 2747 1091 2784; x_wconf 76' lang='lat' dir='ltr'>verbum</span> <span class='ocrx_word' id='word_1_385' title='bbox 1107 2751 1253 2792; x_wconf 81' lang='lat' dir='ltr'>Procas,</span> <span class='ocrx_word' id='word_1_386' title='bbox 1280 2748 1318 2785; x_wconf 74' lang='lat' dir='ltr'>id</span> <span class='ocrx_word' id='word_1_387' title='bbox 1328 2748 1392 2799; x_wconf 83' lang='lat' dir='ltr'>est,</span> <span class='ocrx_word' id='word_1_388' title='bbox 1412 2749 1526 2801; x_wconf 74' lang='lat' dir='ltr'>poftis.</span> <span class='ocrx_word' id='word_1_389' title='bbox 1547 2744 1690 2785; x_wconf 84' lang='lat' dir='ltr'>Festus.</span> 
     </span>
    </p>

    <p class='ocr_par' dir='ltr' id='par_1_31' title="bbox 941 2797 1792 2902">
     <span class='ocr_line' id='line_1_61' title="bbox 996 2797 1792 2855; baseline 0 -17"><span class='ocrx_word' id='word_1_390' title='bbox 996 2809 1054 2843; x_wconf 87' lang='lat'>58.</span> <span class='ocrx_word' id='word_1_391' title='bbox 1079 2801 1518 2855; x_wconf 64' lang='lat' dir='ltr'>Qialterumincufht]</span> <span class='ocrx_word' id='word_1_392' title='bbox 1548 2799 1697 2840; x_wconf 78' lang='lat' dir='ltr'>Similis</span> <span class='ocrx_word' id='word_1_393' title='bbox 1709 2797 1792 2838; x_wconf 77' lang='lat' dir='ltr'>sen-</span> 
     </span>
     <span class='ocr_line' id='line_1_62' title="bbox 941 2856 1414 2902; baseline 0.006 -10"><span class='ocrx_word' id='word_1_394' title='bbox 941 2857 1065 2894; x_wconf 78' lang='lat' dir='ltr'>tentia</span> <span class='ocrx_word' id='word_1_395' title='bbox 1081 2856 1215 2896; x_wconf 85' lang='lat' dir='ltr'>Pseud.</span> <span class='ocrx_word' id='word_1_396' title='bbox 1229 2858 1301 2895; x_wconf 69' lang='lat' dir='ltr'>ast.</span> <span class='ocrx_word' id='word_1_397' title='bbox 1318 2869 1359 2902; x_wconf 87' lang='lat'>4.</span> <span class='ocrx_word' id='word_1_398' title='bbox 1375 2871 1414 2895; x_wconf 82' lang='lat'>2.</span> 
     </span>
    </p>

    <p class='ocr_par' dir='ltr' id='par_1_32' title="bbox 938 2906 1794 3172">
     <span class='ocr_line' id='line_1_63' title="bbox 996 2906 1788 2963; baseline -0.003 -17"><span class='ocrx_word' id='word_1_399' title='bbox 996 2922 1061 2953; x_wconf 72' lang='lat'>59·</span> <span class='ocrx_word' id='word_1_400' title='bbox 1088 2911 1144 2946; x_wconf 82' lang='lat' dir='ltr'>Tu</span> <span class='ocrx_word' id='word_1_401' title='bbox 1157 2910 1178 2947; x_wconf 78' lang='grc' dir='ltr'>ὰ</span> <span class='ocrx_word' id='word_1_402' title='bbox 1191 2909 1320 2963; x_wconf 62' lang='lat' dir='ltr'>nobis]</span> <span class='ocrx_word' id='word_1_403' title='bbox 1348 2914 1426 2952; x_wconf 84' lang='lat' dir='ltr'>Tu,</span> <span class='ocrx_word' id='word_1_404' title='bbox 1439 2910 1560 2961; x_wconf 81' lang='lat' dir='ltr'>quite</span> <span class='ocrx_word' id='word_1_405' title='bbox 1576 2906 1788 2957; x_wconf 82' lang='lat' dir='ltr'>sapientem</span> 
     </span>
     <span class='ocr_line' id='line_1_64' title="bbox 939 2963 1794 3014; baseline 0.004 -14"><span class='ocrx_word' id='word_1_406' title='bbox 939 2963 1148 3014; x_wconf 75' lang='lat' dir='ltr'>profiteris,</span> <span class='ocrx_word' id='word_1_407' title='bbox 1168 2964 1270 3003; x_wconf 81' lang='lat' dir='ltr'>nihil</span> <span class='ocrx_word' id='word_1_408' title='bbox 1283 2963 1401 3004; x_wconf 81' lang='lat' dir='ltr'>habes</span> <span class='ocrx_word' id='word_1_409' title='bbox 1414 2964 1437 3003; x_wconf 75' lang='grc' dir='ltr'>Ξι</span> <span class='ocrx_word' id='word_1_410' title='bbox 1452 2964 1583 3008; x_wconf 86' lang='lat' dir='ltr'>nobis;</span> <span class='ocrx_word' id='word_1_411' title='bbox 1597 2973 1683 3003; x_wconf 84' lang='lat' dir='ltr'>nos,</span> <span class='ocrx_word' id='word_1_412' title='bbox 1695 2971 1794 3011; x_wconf 69' lang='lat' dir='ltr'>quas</span> 
     </span>
     <span class='ocr_line' id='line_1_65' title="bbox 939 3013 1790 3072; baseline 0.002 -18"><span class='ocrx_word' id='word_1_413' title='bbox 939 3029 1110 3068; x_wconf 81' lang='lat' dir='ltr'>nequam</span> <span class='ocrx_word' id='word_1_414' title='bbox 1125 3018 1164 3055; x_wconf 86' lang='lat'>&amp;</span> <span class='ocrx_word' id='word_1_415' title='bbox 1178 3019 1301 3060; x_wconf 81' lang='lat' dir='ltr'>malas</span> <span class='ocrx_word' id='word_1_416' title='bbox 1312 3016 1387 3060; x_wconf 83' lang='lat' dir='ltr'>effe</span> <span class='ocrx_word' id='word_1_417' title='bbox 1408 3018 1555 3072; x_wconf 76' lang='lat' dir='ltr'>arguis.</span> <span class='ocrx_word' id='word_1_418' title='bbox 1582 3013 1648 3053; x_wconf 84' lang='lat' dir='ltr'>abs</span> <span class='ocrx_word' id='word_1_419' title='bbox 1662 3022 1699 3051; x_wconf 88' lang='lat' dir='ltr'>te</span> <span class='ocrx_word' id='word_1_420' title='bbox 1721 3013 1790 3053; x_wconf 75' lang='lat' dir='ltr'>ha-</span> 
     </span>
     <span class='ocr_line' id='line_1_66' title="bbox 938 3068 1763 3118; baseline 0.005 -9"><span class='ocrx_word' id='word_1_421' title='bbox 938 3068 1093 3118; x_wconf 80' lang='lat' dir='ltr'>bemus.</span> <span class='ocrx_word' id='word_1_422' title='bbox 1119 3071 1251 3113; x_wconf 78' lang='lat' dir='ltr'>Lamb.</span> <span class='ocrx_word' id='word_1_423' title='bbox 1758 3088 1763 3092; x_wconf 94' lang='lat'>·</span> 
     </span>
     <span class='ocr_line' id='line_1_67' title="bbox 1589 3119 1791 3172; baseline 0.01 -12"><span class='ocrx_word' id='word_1_424' title='bbox 1589 3126 1653 3164; x_wconf 74' lang='grc' dir='ltr'>ω.</span> <span class='ocrx_word' id='word_1_425' title='bbox 1668 3119 1791 3172; x_wconf 66' lang='lat' dir='ltr'>,Apud</span> 
     </span>
    </p>
   </div>
  </div>
 </body>
</html>
