2064 3718
480 169 1356 229 Ac‘rusII.SCENA11.
1716 191 1795 245 99

52 285 82 321 2
91 288 116 341 5
134 264 253 323 Infit
270 264 398 323 mihi
410 267 667 344 praedicare
683 306 698 328 ‚
726 261 819 321 sese
833 264 897 320 ab
911 266 1066 320 Simia

132 344 354 420 Capram
368 342 622 399 abduxisse
639 384 653 408 ‚
682 348 736 399 δε
752 344 902 420 coepit
913 345 1113 400 irridere
1128 361 1229 398 me.

130 424 240 497 Ego
253 423 393 477 enim
405 423 574 498 lugere
592 462 609 485 ‚
635 439 782 497 atque
797 422 936 477 illam
951 420 1218 475 abductam
1234 419 1476 495 conqueri
1482 461 1496 475 0

128 500 250 554 Hoc
262 519 416 576 quam
434 502 495 554 ad
509 519 616 555 rem
633 501 828 554 credam
841 501 1086 576 pertinere
1101 496 1354 554 somnium
1372 537 1389 561 ,

125 577 348 653 Nequeo
360 578 606 633 invenire.
630 575 721 632 nisi
735 597 932 655 capram
944 575 1076 631 illam
1093 571 1304 652 suspicor

41 657 228 733 30Jam
248 675 332 710 me
345 654 584 712 inveniffe
599 675 710 730 quae
725 653 782 710 fit
797 695 813 720 ‚
843 653 1057 731 autquid
1073 653 1283 709 voluerit
1300 675 1314 710 ε

120 734 207 786 Ad
219 750 425 808 portum
440 736 559 789 hinc
572 732 670 789 abii
690 752 840 788 mane
852 752 971 789 cum
985 731 1081 787 luci
1095 729 1239 787 simul
1253 771 1268 794 ,

119 811 393 887 Postquam
408 812 516 875 hic,
546 813 689 886 quod
701 811 832 867 volui
847 852 862 874 ,
882 809 1118 886 transegi,
1140 828 1290 884 atque
1301 829 1399 886 ego
1425 806 1686 887 conspicor

119 888 322 944 Navem
341 910 403 945 ex
421 892 617 945 Rhodo
634 929 650 951 ,
678 909 779 965 qua
789 890 857 945 est
874 889 979 944 heri
995 888 1224 943 advectus
1237 886 1362 942 filius
1378 927 1394 951 ‚

119 965 424 1022 Collibitum
438 968 506 1022 est
523 966 641 1022 illud
654 967 778 1021 mihi
796 1009 812 1031 ‚
847 965 1012 1022 nescio
1025 966 1113 1042 qui
1128 1007 1141 1031 ,
1165 966 1311 1020 visere
1332 988 1346 1021 ε

37 1059 60 1111 3
75 1063 100 1116 5
120 1041 320 1100 Escendi
338 1045 391 1100 in
406 1044 638 1100 lembum
652 1085 668 1108 ,
694 1063 845 1119 atque
861 1044 922 1099 ad
939 1048 1106 1098 navim
1124 1044 1371 1099 advehor:
1404 1059 1552 1119 atque
1567 1061 1665 1118 ego

114 1119 252 1175 Illam
271 1121 523 1197 conspicio
538 1122 703 1178 forma
715 1125 896 1176 eximia
907 1122 1170 1175 mulierem
1187 1161 1202 1183 ‚

111 1198 259 1254 Filius
270 1219 423 1275 quam
436 1202 631 1255 advexit
647 1219 789 1254 meus
807 1201 953 1253 matri
963 1197 1191 1252 ancillam
1206 1193 1317 1252 suae.

114 1279 288 1352 Qam
307 1295 402 1352 ego
416 1278 682 1352 postquam
698 1275 859 1351 aspexi
874 1315 890 1339 ‚
932 1295 1042 1329 non
1057 1278 1123 1329 ita
1137 1295 1255 1328 amo
1268 1293 1321 1329 ut
1333 1270 1430 1328 sani
1444 1271 1603 1330 solent

111 1353 396 1409 Homines:
426 1355 505 1408 sed
518 1356 702 1408 eodem
719 1353 870 1429 pacto
885 1370 937 1407 ut
951 1352 1106 1407 insani
1117 1350 1293 1408 solent.

25 1449 97 1498 40
115 1433 293 1486 Amavi
306 1430 468 1486 hercle
479 1433 719 1506 equidem
735 1450 833 1508 ego
849 1429 975 1485 olim
990 1430 1044 1485 in
1065 1428 1395 1485 adolescentia
1412 1449 1425 1482 ε

108 1510 300 1562 Verum
311 1509 373 1563 ad
387 1508 490 1563 hoc
505 1508 797 1585 exemplum
814 1528 1094 1584 nunquam.
1132 1525 1185 1563 ut
1197 1527 1332 1562 nunc
1347 1504 1566 1563 insanio!

105 1584 287 1641 Unum
305 1588 511 1662 quidem
527 1587 690 1642 hercle
696 1592 803 1663 jam
817 1585 919 1642 scio
935 1626 951 1649 ‚
981 1585 1171 1662 petiiffe
1185 1605 1283 1641 me.

101 1659 313 1718 Vosinet
327 1667 486 1720 videte
499 1683 727 1720 caeterum
742 1666 912 1740 quanti
924 1662 1062 1719 siem.

103 1739 259 1795 Nunc
275 1742 379 1797 hoc
394 1742 628 1818 profecto
644 1741 710 1798 fic
724 1743 793 1798 est
808 1764 823 1798 ε
850 1742 1044 1797 haecilla
1057 1741 1126 1796 est
1138 1759 1297 1815 capta.

18 1835 53 1883 4
61 1836 83 1889 5
102 1818 197 1872 Sed
211 1817 347 1873 sunia
361 1820 440 1874 illa
457 1838 606 1896 atque
627 1822 796 1876 haedus
809 1823 971 1875 timeo
985 1821 1108 1896 quid
1123 1820 1294 1875 velint.

99 1895 199 1950 Sed
213 1895 560 1955 conticescam.
589 1899 814 1956 vicinum
830 1918 1008 1953 eccuni
1023 1938 1039 1962 ,
1071 1899 1174 1953 exit
1190 1896 1336 1953 foras,

68 2038 130 2069 32.
163 2028 367 2078 ‘Postquam
388 2031 442 2068 hic
463 2029 537 2082 idsl
567 2035 628 2069 Ita
639 2027 727 2071 Mis.
744 2032 861 2070 Cam.
918 2043 1036 2081 queo.
1080 2029 1272 2070 Putabam
1295 2030 1405 2070 em‘m
1418 2031 1558 2068 Senem
1592 2035 1677 2064 non
1697 2024 1772 2066 alia

14 2092 98 2120 non
111 2083 189 2119 illic.
223 2087 325 2121 Nam
344 2085 440 2135 quid
464 2081 692 2136 ad'pottum
714 2086 865 2137 negotii
920 2085 968 2123 de
982 2082 1104 2123 caussa
1115 2085 1162 2123 ad
1175 2095 1337 2137 portum
1353 2079 1483 2122 vidisse
1496 2108 1508 2125 ‚
1529 2093 1651 2133 quam
1665 2089 1708 2117 ut
1720 2081 1769 2118 de
1799 2111 1810 2120 f

15 2135 303 2188 tranfigendum
314 2135 431 2177 fuerit
442 2140 545 2182 Seni,
561 2139 778 2191 excogitate
797 2151 862 2177 ne·
920 2137 1050 2179 reditu
1058 2137 1240 2192 filiiquid
1249 2136 1514 2190 cognosceret.
1541 2134 1751 2190 Schoppiusi„

249 2287 487 2342 ACTUS
543 2287 878 2342 SECUNDI
934 2288 1184 2343 SCENA
1234 2289 1598 2343 SECUNDA.

327 2428 755 2467 LYSIMACHUS
776 2453 789 2475 ρ
829 2428 1167 2472 DEMIPHO,
1198 2429 1501 2467 LORARIL

180 2507 408 2565 Rofecto
425 2529 522 2586 ego
535 2509 685 2565 illunc
699 2509 897 2565 hircum
913 2510 1107 2569 castrati
1121 2508 1242 2566 volo
1252 2550 1271 2573 ,

180 2589 305 2642 Ruri
322 2590 409 2663 qui
421 2609 492 2641 no
499 2588 574 2643 bis
586 2587 792 2643 exhibet
806 2590 1091 2665 negotium.

82 2663 186 2720 DE.
216 2667 331 2720 Nec
343 2686 500 2721 omen
516 2665 636 2721 illud
659 2665 819 2730 mihi,
849 2687 944 2721 nec
958 2666 1226 2743 auspicium
1242 2665 1418 2743 placet.

84 2739 237 2818 Qasi
253 2741 445 2799 hircum
456 2784 470 2806 ,
503 2762 678 2799 metuo
693 2784 709 2807 ,
735 2764 801 2799 ne
812 2763 944 2800 uxor
961 2764 1046 2799 me
1061 2745 1231 2801 castret
1246 2765 1359 2800 mea
1375 2783 1393 2806 ,

45 2839 73 2891 5
89 2822 256 2893 Atque
269 2818 394 2874 iliius
413 2820 515 2876 haec
529 2843 665 2877 nunc
676 2820 829 2876 fimiae
841 2824 1019 2899 parteis
1031 2822 1167 2878 ferat.

82 2898 174 2950 LY.
200 2900 285 2950 Itu
301 2897 416 2952 hinc
429 2899 489 2952 ad
500 2899 664 2954 villam
678 2941 693 2964 ‚
719 2917 868 2977 atque
878 2899 996 2954 istos
1010 2901 1184 2956 rastros
1198 2899 1368 2958 villico

79 2973 132 3026 Pi
141 2972 212 3027 sto
227 2972 318 3049 ipfi
334 2973 482 3030 facito
493 2996 665 3033 coram
678 2994 732 3033 ut
745 2979 903 3034 tradas
912 2978 968 3033 in
982 2998 1222 3036 manum,v

81 3051 252 3109 Uxori
268 3049 419 3132 facito
437 3071 488 3108 ut
503 3057 707 3113 nuncies
720 3097 737 3122 ,
766 3058 1034 3135 negotium

931 3136 980 3191 G
1019 3152 1054 3188 ε.
1616 3123 1755 3201 Mihi
