2064 3718
30 160 53 177 “’
486 149 775 212 Ἀεῐύέ
826 135 1372 213 usenn'itm.

1674 160 1794 227 '105ss

113 247 373 328 Flagitium
382 243 441 303 fit
453 287 468 312 ‚
496 246 531 303 fi
544 245 797 325 sequatur,
835 249 1045 326 quando
1060 246 1255 302 incedat
1268 263 1356 322 per
1368 241 1489 301 viast

118 326 521 403 Contemplent,
548 325 853 403 conspiciant
868 345 1077 388 omne3‚
1106 339 1314 385 nutent,
1343 319 1788 408 nictenssfibilent,

118 404 393 467 Vellicent‚
417 422 631 468 vocent,
653 404 850 460 molesti
864 403 987 467 (int,
1016 418 1286 457 occentent
1298 399 1499 459 ostium.
1539 408 1543 410 ’

117 480 423 557 Impleantur
436 502 562 537 meae
575 482 709 537 fores
723 483 1009 557 elogiorum
1028 479 1350 535 carbonibus,
1457 555 1464 564 .

35 578 67 629 7
78 578 101 632 5
123 561 292 634 Atque
306 577 360 614 ut
374 579 511 619 nunc
525 559 634 616 sunt
654 560 1004 614 maledicentes
1021 557 1257 613 homines
1275 596 1290 618 ‚
1320 575 1468 610 uxori
1481 576 1608 611 meae

122 636 362 711 Mihique
377 636 637 712 objectent
648 637 959 695 lenocinium
977 635 1152 693 facere.
1192 654 1310 688 nam
1323 635 1448 708 quid
1460 654 1524 688 eo
1536 635 1606 690 est
1620 655 1749 712 opus
1768 650 1785 692 ἓ

49 733 51 736 ·
121 713 229 768 CH.
248 713 431 769 Hercle
445 716 568 790 quin
584 735 642 770 tu
659 716 789 770 recte
808 716 955 770 dicis:
983 713 1142 770 &tibi
1161 710 1394 766 affentior
1406 731 1520 786 ego·

121 792 220 853 Sed
232 793 355 867 quid
368 790 445 847 illa
457 813 595 848 nunc
608 790 694 848 fiet
712 808 727 849 Ξ
767 793 1032 848 ΒΕ.ῑεέὶε.
1069 810 1166 866 ego
1183 809 1358 844 emero
1378 792 1632 846 matrituae

122 869 374 926 Ancillam
387 870 660 947 viraginem
675 870 889 944 aliquam
909 891 1017 926 non
1034 869 1215 923 malam
1235 908 1249 931 ‚
1275 866 1441 922 forma
1455 867 1583 923 mala
1604 912 1620 933 ‚

39 943 109 1000 80
127 945 200 1001 Ut
217 964 429 1001 matrem
452 951 659 1004 addecet
674 947 880 1004 familias
899 988 914 1011 ‚

124 1025 193 1078 Ea
211 1025 368 1079 molet
383 1064 397 1087 ,
425 1026 660 1085 conficiet
675 1023 884 1100 pensum
901 1065 914 1088 ‚

947 965 1032 1003 aut
1048 949 1218 1021 Syram
1234 986 1249 1007 ‚
1276 949 1681 1022 autAEgyptiam:

947 1023 1161 1101 pinsetur
1174 1022 1332 1098 flagro
1349 1063 1364 1086 ,
1389 1043 1558 1098 neque

124 1101 333 1176 Propter
347 1121 458 1155 eam
476 1106 745 1178 quicquam
761 1103 954 1158 eveniet
969 1102 1144 1157 nostris
1158 1101 1350 1156 foribus
1366 1098 1555 1175 flagitii.

125 1178 398 1254 CH.Qid
414 1179 449 1234 fi
462 1182 610 1254 igitur
622 1179 852 1236 reddatur
878 1178 948 1233 illi
978 1180 1111 1234 unde
1125 1194 1296 1254 empta
1312 1177 1410 1234 est?
1450 1181 1558 1235 DE.
1583 1179 1798 1236 minime

345 1260 586 1331 gentium.

129 1330 234 1385 CH.
252 1331 396 1387 Dixit
417 1332 464 1388 se
478 1333 740 1388 redhibere
755 1371 771 1395 ,
799 1330 834 1386 fi
853 1353 965 1389 non
979 1330 1179 1408 placeat.
1222 1330 1595 1387 DE.nihilistoc
1613 1335 1796 1405 opu'st:

44 1406 73 1462 8
84 1429 106 1482 5
130 1409 344 1485 Litigare
355 1411 480 1465 nolo
496 1431 594 1488 ego
620 1429 726 1468 vos,
749 1429 907 1487 quam
934 1430 1074 1466 tuam
1098 1425 1268 1470 autem
1290 1406 1502 1465 acculari

361 1486 520 1559 fidem

1576 1411 1676 1440 Acid.
1700 1421 1798 1446 neque

1568 1457 1657 1479 tuam
1679 1456 1797 1481 autem.

130 1561 304 1619 Multo
320 1566 530 1643 edepol,
560 1564 596 1623 fi
607 1567 731 1644 quid
747 1564 1037 1623 faciendum
1052 1564 1119 1621 est
1139 1603 1154 1628 ‚
1187 1563 1351 1620 facere
1366 1564 1542 1619 damni
1555 1565 1763 1621 mavolo
1785 1611 1804 1634 ,

38 1733 320 1787 fcstumhabere‚
348 1747 418 1787 pro
439 1737 642 1784 infestare,
674 1739 716 1779 &
744 1740 892 1781 similes

43 1787 149 1827 alibi.
182 1793 209 1830 Ι,
242 1791 330 1829 Gul.
368 1792 464 1830 Vide
487 1791 789 1838 Observationes
816 1808 890 1834 no-

45 1841 136 1881 stras
148 1844 189 1881 in
204 1845 411 1895 Scriptores
421 1846 698 1887 Ecclefiasticos
727 1860 809 1905 cap.
829 1861 890 1900 17.

49 1901 155 1935 Gran.

97 1960 162 1998 73.
191 1951 538 2007 Occententoflium]
573 1959 777 1999 Occentare‚
805 1957 894 1994 εἰὶσε,-
939 1954 941 1956 ’

48 2003 202 2057 bantpro
213 2006 404 2043 convicium
414 2008 533 2054 facere
546 2034 558 2051 ,
577 2021 659 2045 cum
681 2009 718 2045 id
738 2010 829 2046 clare
852 2007 894 2048 ὼ

47 2071 129 2095 cum
140 2059 295 2108 quodam
307 2059 528 2108 canorefieret
539 2088 550 2105 ‚
585 2071 628 2098 ut
644 2063 765 2115 procul
784 2077 897 2101 exau-

46 2113 117 2153 diri
127 2112 254 2162 poffbt:
267 2114 361 2163 quod
370 2123 473 2167 turpe
485 2114 700 2153 habebatur:
723 2118 812 2167 quia
831 2132 896 2155 non

37 2168 114 2217 fine
124 2165 504 2219 cauffizfieriputatur.
535 2170 676 2209 Festus.

101 2232 165 2266 74.
202 2220 458 2273 Impleantur]
490 2225 749 2276 Quaratione
765 2223 899 2263 carbo-

50 2282 118 2310 nes
133 2272 432 2323 impleantfores
450 2277 590 2328 elogiis
604 2302 615 2320 ‚
643 2277 806 2331 quaestio
830 2277 893 2321 ests,

47 2327 130 2376 Ego
143 2328 181 2366 id
192 2326 276 2367 fieri
297 2327 478 2371 arbitror,
508 2342 600 2370 curn
625 2330 707 2370 face
728 2332 897 2371 extinc‘ta

47 2378 324 2421 inscribebatur
350 2381 550 2422 famosum
586 2384 754 2437 aliquod
795 2386 896 2425 ostio

47 2444 216 2474 carmen.
245 2436 332 2487 Jam
343 2436 450 2475 enim
464 2437 595 2476 diuest
618 2439 730 2491 quod
760 2441 897 2492 Lipsius

49 2487 200 2528 docuit.
223 2500 398 2528 amantes
416 2504 507 2531 cum
536 2504 620 2530 non
643 2495 900 2546 reciperentur

49 2541 71 2581 31
85 2542 221 2593 puellis
234 2544 335 2583 intra
353 2543 449 2583 aedes
470 2572 481 2589 ,
509 2544 735 2586 deficientes
753 2546 900 2587 faculas

51 2594 120 2635 sub
139 2609 321 2636 auroram
333 2597 381 2637 ad
400 2598 544 2639 ostium
570 2597 731 2647 abjicere
747 2599 900 2641 solitos.

53 2649 126 2687 Sed
139 2650 216 2689 hoc
238 2650 358 2692 fuerit
376 2654 664 2702 potentiorum.
705 2654 899 2694 Callidio-

54 2714 112 2742 xes
126 2728 136 2743 ‚
167 2703 317 2744 accensa
335 2706 456 2745 &tiam
478 2708 633 2746 lumina
654 2707 757 2748 ostio
775 2708 903 2748 illide-

55 2753 175 2800 bant,
200 2759 536 2800 &minitabantur
554 2760 807 2802 exustionem
832 2762 900 2801 do-

1668 1664 1696 1697 [i
1702 1666 1788 1701 ass).

944 1738 1075 1783 bona,
1104 1745 1205 1778 creta
1216 1734 1331 1778 solita
1342 1747 1452 1778 erant
1470 1739 1615 1779 notari.
1649 1737 1802 1781 Pexfius

946 1798 1022 1834 Sat.
1067 1823 1076 1831 .
1797 1835 1800 1836 γ

995 1807 1115 1900 ggaaeq
1121 1861 1163 1885 ue
1164 1847 1344 1901 sbqtaeenda
1342 1848 1466 1897 forent
1476 1873 1487 1889 ,
1502 1842 1547 1884 ἐφ’
1557 1860 1635 1900 qua
1646 1846 1803 1885 vitanda

1031 1903 1035 1904 ⁷
1166 1902 1320 1953 vicissim
1332 1929 1345 1947 ,

996 1956 1064 1993 lua
1073 1955 1172 2009 prius
1184 1967 1276 1993 creta
1291 1982 1302 1996 ‚
1325 1969 1414 1994 mox
1435 1956 1499 1995 hac
1534 1954 1676 1997 carbone
1700 1964 1804 1994 nota-

1166 2009 1217 2046 sti
1227 2035 1237 2049 ‚
1254 2009 1327 2047 &st

949 2058 1063 2099 Nihil
1077 2069 1211 2101 tamen
1221 2072 1346 2103 vetat,
1370 2063 1470 2114 quin
1485 2061 1523 2100 &
1534 2061 1702 2101 carbone
1711 2071 1802 2102 ute-

947 2122 1095 2160 rentur3
1107 2114 1174 2154 ubi
1185 2113 1352 2160 scilicet,
1371 2117 1495 2163 januae
1515 2128 1564 2154 eo
1586 2113 1707 2155 essent
1728 2128 1798 2154 co-

946 2166 1032 2204 lore
1045 2177 1089 2208 ut
1097 2178 1197 2208 creta
1211 2170 1252 2208 in
1266 2171 1314 2209 iis
1326 2172 1460 2209 minus
1472 2179 1678 2220 appareret.
1691 2169 1800 2209 unde

945 2221 1117 2260 Martial.
1133 2236 1146 2260 1
1159 2236 1195 2260 2.
1219 2224 1329 2274 Epig.
1345 2231 1412 2262 62.
1435 2223 1676 2275 'Quicarbone
1688 2225 1771 2261 rudi
1782 2249 1797 2264 ,

939 2275 1221 2327 putriquecreta
1234 2277 1364 2316 Scribit
1384 2281 1566 2320 carmina,
1589 2278 1662 2316 &a
1693 2281 1798 2318 Gru-

945 2336 1062 2367 teras.

1003 2389 1068 2426 84.
1096 2384 1252 2432 Dixitse
1263 2383 1474 2437 redhibere]
1504 2388 1593 2423 Hoc
1605 2382 1726 2423 semel
1745 2384 1800 2424 fic

946 2433 1175 2488 usurpatum
1182 2436 1358 2491 reperiffe
1367 2448 1482 2477 notat
1501 2437 1536 2478 se
1547 2439 1676 2489 Scipio
1688 2441 1747 2477 Ge
1754 2452 1798 2477 n-

946 2490 1026 2528 tilis
1038 2492 1080 2530 in
1095 2491 1347 2544 Originibus,
1380 2503 1423 2532 ut
1436 2491 1482 2531 fit
1493 2490 1617 2531 rursus
1641 2492 1797 2532 habere.

946 2542 1020 2582 Sed
1042 2543 1322 2593 jurisconsultis
1351 2547 1496 2599 placuit
1518 2544 1695 2583 redhibere
1722 2546 1800 2586 dici

945 2599 1256 2650 eumqui‘reddit
1277 2613 1287 2637 :
1312 2612 1395 2639 non
1409 2601 1635 2653 quirecipit.
1668 2601 1801 2637 Redhi-

945 2649 1021 2688 bere
1041 2653 1084 2700 est
1099 2654 1217 2701 facere
1235 2663 1278 2691 ut
1300 2655 1420 2702 rursm
1454 2654 1581 2693 habeat
1619 2655 1802 2699 venditor,

976 2707 1043 2742 uod
1065 2706 1229 2746 habuerit
1247 2734 1259 2751 ,
1300 2717 1344 2750 β’
1373 2711 1464 2761 quia
1481 2709 1646 2746 reddendo
1668 2710 1706 2746 id
1725 2708 1797 2757 fie-

970 2768 1031 2801 at,
1052 2762 1173 2800 idcirco
1190 2760 1377 2800 redhibitio
1400 2763 1444 2812 est
1473 2764 1676 2817 appellata,
1707 2777 1803 2814 qua-

60 2821 151 2849 mus
173 2823 183 2848 ε
216 2821 259 2850 ut
270 2811 397 2856 Persa,
424 2826 464 2855 4.
486 2828 526 2858 4.
557 2818 663 2853 Inter
682 2815 758 2854 hos
782 2817 904 2856 medii
940 2814 975 2863 fi
998 2815 1147 2852 redditio
1168 2830 1180 2862 3
1227 2817 1362 2867 inquit
1380 2818 1584 2867 Ulpianus·
1636 2819 1722 2854 Nec
1742 2815 1797 2855 se-

57 2873 193 2903 erant.
225 2866 367 2916 quibus
378 2865 588 2907 sufficiebat
608 2869 743 2916 januas
759 2870 902 2909 amica·
948 2878 1015 2908 cus
1037 2871 1200 2908 Plautus
1217 2871 1258 2909 in
1270 2870 1508 2909 Mostellaria
1529 2882 1564 2912 3.
1587 2883 1624 2907 2-
1659 2872 1700 2908 Si
1718 2883 1799 2906 ma-

59 2928 148 2955 rum
170 2917 334 2957 calcibus
362 2921 570 2972 impetere,
599 2932 666 2960 aut
686 2921 788 2961 ferro
807 2924 902 2963 inci·
949 2923 980 2958 le
993 2932 1114 2977 empta
1136 2928 1286 2964 forent,
1313 2923 1404 2962 nohis
1419 2924 1495 2972 istas
1513 2923 1689 2961 redhibere
1704 2923 1802 2959 haud

59 2970 162 3015 dere,
177 2970 531 3013 autconscribillate
551 2976 725 3014 extinsto
747 2977 900 3016 titione.

947 2976 1079 3014 liceret.
1129 2980 1269 3029 Itaque
1299 2977 1342 3016 δε
1372 2979 1437 3018 hic
1467 2980 1607 3016 malim
1641 2992 1650 3015 t
1685 2978 1802 3014 Dix-it

60 3027 191 3073 Atque
205 3024 270 3064 ista
290 3037 338 3063 eo
364 3026 552 3067 libentius
576 3028 723 3068 fiebant
746 3031 767 3068 a
793 3040 903 3082 petu-
943 3029 1015 3082 fibi
1038 3030 1210 3068 redhiberi
1230 3057 1242 3072 ‚
1286 3030 1363 3071 hoc
1386 3031 1461 3076 est,
1493 3032 1625 3086 pactus
1649 3031 1702 3069 est
1729 3029 1803 3070 fibi

58 3075 157 3118 lanti
174 3082 377 3130 juventute
398 3094 407 3119 :
429 3081 520 3133 quia
543 3082 646 3125 mala
664 3109 678 3127 θ
709 3084 902 3131 carbone3
948 3084 1106 3128 restitui.
1145 3086 1362 3126 Gronovius.

1087 3139 1124 3176 G
1157 3151 1173 3185 5
1602 3143 1665 3186 87.
1693 3133 1806 3186 Effer*-
