2005 3686
435 149 874 208 Aca‘usIV.
942 147 1239 205 Seiana·
1281 145 1362 200 11.
1658 168 1782 229 435

120 248 218 309 ΡΑ.
241 249 383 307 Deos
399 242 617 304 salutabo
630 248 823 314 mod0‚
859 245 1028 324 postea
1038 246 1099 301 ad
1114 262 1162 302 te
1184 245 1433 301 continuo
1453 243 1665 319 transeo,

123 334 226 386 Ga
257 325 407 400 Qid
444 328 594 401 igitur
631 338 648 382 ξ
708 328 796 382 ΕΡ.
848 325 952 379 dixi
990 325 1226 400 equidem
1250 364 1267 390 ,
1305 323 1360 380 in
1383 321 1631 379 carcerem
1666 326 1774 386 ires,

348 406 450 459 GE.
471 406 595 479 quin
613 400 835 480 jusseri8‚

31 500 67 553 4
73 502 98 557 5
120 486 196 541 Eo
221 500 428 560 quoque
459 482 564 537 ibo.
611 486 699 538 ΕΡ.
727 482 801 543 Di
825 475 1166 536 immortales!
1208 477 1292 535 hic
1321 478 1529 555 quidem
1556 478 1611 536 in
1644 479 1778 538 sum-

333 578 473 613 mam
495 578 696 615 crucem

113 633 283 694 Coena
306 654 390 693 aut
403 638 611 712 prandio
624 636 826 715 perduci
851 635 1029 713 potest.
1068 638 1168 692 GE.
1206 634 1276 690 ita
1301 633 1566 711 ingenium
1597 655 1777 695 meum

344 715 427 782 est3

112 790 415 865 Qicumvis
427 791 668 870 depugno
681 789 845 848 multo
862 790 1048 846 facilius
1061 829 1078 854 ‚
1118 809 1275 866 quam
1291 809 1409 845 curn
1423 793 1592 850 Fame.

110 874 209 927 ΡΑ.
227 872 356 926 Non
373 889 493 946 ergo
509 873 547 926 is
573 886 660 929 tu?
700 870 832 948 apud
858 888 942 924 me
966 865 1293 946 satisspec'tata
1318 868 1388 924 est
1416 869 1545 925 mihi
1572 876 1675 947 jam'
1691 887 1774 929 tua

332 946 561 1004 felicitas:

108 1025 253 1082 Dum
269 1025 499 1099 parasitus
515 1026 640 1081 mihi
652 1043 799 1102 atque
813 1022 946 1080 fratri
962 1023 1090 1080 fuisti
1110 1062 1126 1086 ‚
1163 1041 1270 1077 rem
1289 1021 1656 1102 confregimuS.

24 1121 94 1175 50
114 1106 270 1160 Nunc
285 1122 382 1176 ego
394 1102 520 1159 nolo
546 1105 573 1160 ὲ
600 1102 855 1161 Gelasimo
881 1101 1008 1157 mihi
1024 1120 1072 1158 te
1096 1099 1540 1179 Catagelasimum.

113 1186 215 1237 GE.
248 1186 436 1261 Jamne
478 1180 661 1239 abisti?
719 1179 965 1237 Gelafime
1000 1220 1016 1246 ,
1075 1179 1186 1235 vide
1212 1219 1229 1244 ,
1283 1179 1403 1256 quid
1454 1200 1506 1236 es
1545 1197 1774 1257 capturus

332 1258 537 1316 consilii.

107 1338 287 1413 Egone
314 1341 340 1390 ἓ
379 1351 539 1394 tune?
593 1335 830 1393 mihine?
884 1334 1043 1392 tibine
1076 1349 1092 1392 ἓ
1129 1335 1266 1392 vides
1295 1375 1311 1400 ,
1366 1354 1422 1392 ut
1462 1356 1672 1395 annona
1701 1336 1772 1395 est

333 1413 522 1488 gravis!
1575 1462 1578 1464 .

57 1503 60 1506 ’
101 1491 259 1546 Vides
274 1530 289 1554 ‚
330 1491 661 1566 benignitates
674 1490 950 1545 hominum
967 1489 1222 1565 utperiete
1243 1496 1298 1547 ὃς
1322 1487 1657 1567 ρῑοῑὴγιῃίκξ

102 1571 257 1624 Vides
277 1607 293 1631 ,
331 1569 564 1626 ridiculos
592 1570 735 1623 nihili
752 1567 886 1630 fieri,
922 1565 1216 1644 atqueipsos
1230 1567 1539 1646 parafitatier.

0 1675 2 1678 ’
20 1645 50 1719 5
59 1666 86 1720 5
106 1649 408 1723 Nunquam,
426 1646 628 1722 edepol,
643 1666 728 1703 me
745 1647 919 1704 vivom
936 1645 1200 1723 quisquam
1218 1648 1270 1702 in
1286 1645 1552 1703 crastinum
1575 1643 1768 1726 prospi-

325 1726 419 1780 ciet
446 1725 584 1779 diem
606 1747 620 1790 ;
1043 1747 1046 1750 ⁴

105 1803 248 1859 Nam
263 1802 387 1856 mihi
412 1807 511 1876 jam
521 1804 655 1857 intus
664 1802 877 1879 potione
892 1803 1066 1861 vincea
1077 1799 1306 1858 onerabo
1319 1802 1506 1878 gulam.

106 1881 294 1956 Neque
310 1898 408 1955 ego
423 1879 527 2010 hpc
540 1881 865 1944 committam
883 1919 901 1944 ‚
938 1898 993 1936 ut
1010 1881 1249 1937 homines
1279 1901 1545 1938 mortuum
1575 1902 1661 1939 me
1688 1881 1762 1940 di-

327 1972 442 2011 cant
483 1975 611 2012 ame.

77 2099 141 2134 50·
186 2087 499 2139 Catagelasimum.
521 2084 542 2139 ]
578 2086 689 2127 Nolo
714 2096 753 2127 te
777 2086 800 2127 ὲ
822 2087 871 2128 ri·
972 2100 1038 2135 54.
1078 2087 1171 2142 Ipsbs
1191 2089 1434 2141 parafitarier.
1456 2087 1479 2142 ]
1512 2092 1546 2128 A
1571 2089 1770 2134 ‚divitibus

20 2142 155 2184 diculo
180 2143 220 2180 &
241 2142 390 2181 urbano
408 2141 527 2181 risum
556 2151 769 2184 movente,
801 2141 873 2181 fie-
913 2151 958 2182 ut
985 2142 1008 2181 ὲ
1034 2141 1226 2196 paxamis,
1255 2146 1455 2196 captariac
1472 2143 1617 2183 laetari.
1647 2148 1765 2184 Lam-

21 2198 54 2237 xi
82 2196 344 2236 deridiculum
369 2195 411 2233 &
435 2193 576 2235 derisui
619 2194 706 2236 effe·
758 2200 870 2236 Lam·
913 2196 1023 2234 binus.

21 2250 137 2288 binus.
402 2284 405 2285 γ
968 2257 1031 2295 56.
1078 2247 1234 2287 ‘Potione
1262 2249 1434 2303 vincat]
1483 2251 1629 2302 Lepide
1647 2278 1660 2296 ,
1711 2253 1768 2295 ita

77 2307 138 2349 5'1.
167 2301 341 2354 ⁸Abzsti]
372 2301 516 2351 „abiisti
547 2300 637 2343 ἀντὶ
667 2302 709 2342 en}
732 2302 866 2353 obiisti.
914 2316 980 2343 me
1010 2308 1117 2342 Deus
1149 2314 1255 2342 amat
1278 2330 1291 2348 ,
1341 2305 1531 2358 laqueum
1558 2315 1670 2346 vocat
1689 2317 1756 2358 po-

20 2356 191 2410 pofitum
221 2355 398 2408 suspicor.
428 2357 646 2398 abitionem
666 2358 773 2396 enim
795 2369 866 2411 pro
909 2359 1042 2396 tionem
1075 2359 1241 2395 vinceam
1268 2374 1280 2395 .·
1323 2370 1366 2396 ac
1411 2360 1626 2409 potionem
1674 2363 1767 2413 qui-

22 2421 152 2451 morte
173 2411 387 2462 Δυσφνιμίας
412 2412 599 2455 vitandae,
656 2422 800 2450 veteres
822 2425 867 2451 u·
909 2412 998 2451 dem
1015 2439 1026 2455 ‚
1055 2412 1166 2462 quod
1192 2420 1285 2450 cum
1315 2421 1459 2462 potum
1482 2423 1618 2465 guttur
1643 2411 1767 2454 soleat

22 2462 350 2516 surpaffe,notum
362 2478 406 2503 ex
421 2462 543 2504 Festo.
558 2463 864 2517 utsemetipsum
910 2464 1170 2505 transmittere
1191 2465 1260 2516 ipsi
1289 2466 1465 2505 inditum
1489 2492 1502 2506 ‚
1547 2467 1699 2506 inditur
1721 2470 1764 2509 δε

23 2518 232 2570 interroget
256 2518 438 2559 Parasitus
457 2545 469 2564 ,
503 2518 613 2573 quast
642 2518 861 2572 ambigens,
906 2519 1086 2560 induitur
1118 2520 1153 2557 ei
1173 2519 1362 2571 laqueus,
1392 2518 1499 2570 quasi
1523 2519 1767 2563 tranfiniffu-

26 2581 212 2611 utrumne
229 2573 446 2612 intervivos
462 2585 511 2611 an
535 2582 721 2612 mortuos
732 2575 865 2623 potius
905 2585 972 2612 ro:
1016 2576 1179 2610 vinceam
1201 2583 1335 2612 autem
1361 2572 1383 2612 {1
1405 2571 1616 2613 vinciendo
1639 2588 1764 2615 venu-

26 2626 222 2664 numerati
262 2638 376 2678 porro
411 2627 548 2667 debeat
592 2626 857 2668 occififfimus.
909 2626 961 2665 ste
984 2627 1142 2666 deflexit
1170 2653 1182 2671 ,
1226 2628 1266 2665 &
1298 2627 1347 2666 ad
1367 2629 1578 2679 potionem
1615 2630 1764 2668 vineam

27 2679 163 2716 Dour...
910 2681 969 2719 vel
994 2684 1180 2719 vinaceam
1204 2681 1365 2720 interim
1385 2681 1582 2733 eleganter
1606 2682 1758 2729 allufit,

82 2741 140 2773 53·
185 2731 434 2785 Prothymiae.]
470 2734 712 2774 Animorum
735 2734 867 2773 alacri·
909 2736 1020 2786 quod
1039 2736 1182 2787 laqueo
1204 2735 1356 2774 collum
1371 2737 1575 2775 vinciatur.
1613 2739 1762 2780 Vincea.

28 2793 146 2825 tates,
176 2796 364 2839 promptae
383 2788 620 2830 voluntates·
645 2788 867 2830 Pleiadast.
913 2789 930 2840 (
945 2790 1004 2828 vel
1019 2800 1063 2828 ut
1075 2790 1165 2830 alii,
1198 2790 1352 2842 τύπω)
1377 2792 1589 2830 continens
1610 2791 1664 2832 est
1682 2795 1755 2832 Fe-

33 2849 72 2882 5.
101 2851 136 2878 1.
909 2843 983 2884 sto.
1004 2842 1155 2884 Turneb.

2 3018 8 3348 1
512 3162 516 3165 ,
1002 3102 1088 3159 Ee
1124 3120 1162 3172 4
1462 3101 1760 3190 Actus
