2064 3718
431 145 724 201 Aci-vs
767 139 1345 199 11.SeENA111.

1675 155 1780 209 107

144 244 302 300 Sanus
317 257 425 294 non
438 235 507 291 est
517 280 531 302 ‚
559 255 624 292 ex
636 253 814 291 amore
824 232 966 290 illius.
990 231 1131 309 quod
1146 228 1315 306 posces
1327 270 1345 295 ,
1368 211 1521 286 feres}

148 321 259 377 CH.
285 319 444 374 Certo
460 313 643 392 edepol
657 311 940 368 adolescens
962 308 1073 378 ille,
1101 312 1226 385 quoi
1255 327 1354 386 ego
1371 328 1522 373 em0,
1553 307 1782 366 efflitstim

368 394 493 469 petit

151 475 270 547 Ejus
288 490 477 525 amore.
514 472 619 528 DE.
649 470 816 525 multo
826 467 992 540 herele
1006 465 1088 521 ille
1103 465 1258 540 magis
1270 462 1444 530 senex,
1472 461 1510 519 si
1521 482 1574 519 tu
1588 461 1719 519 scias,

150 551 258 606 CH.
287 550 573 624 Nunquam
595 548 777 624 edepol
789 547 882 603 fuit
897 565 1061 620 neque
1077 541 1163 599 fiet
1175 542 1252 598 ille
1265 544 1413 600 senex
1430 543 1650 599 infimior

26 641 58 692 11
77 647 139 686 10
150 630 225 684 Ex
240 647 416 683 amore
430 667 444 690 ,
480 647 633 702 quam
648 625 728 683 ille
740 620 1020 682 adolescens
1035 663 1050 687 ,
1066 625 1191 698 quoi
1203 642 1301 699 ego
1324 624 1393 678 do
1408 622 1538 679 hanc
1554 641 1787 697 operam,

372 723 527 782 pates.

150 784 257 843 DE.
283 780 505 858 Qiesce
520 825 534 847 ,
548 785 782 860 inquam,
799 782 947 837 istanc
964 798 1072 836 rem
1086 798 1183 856 ego
1198 780 1329 835 redte
1343 779 1530 835 videro.
1546 778 1594 833 C
1601 798 1653 834 H.
1669 780 1793 855 quid

380 862 509 938 agis?
550 865 656 917 DE.
669 862 791 936 quid
806 859 907 916 est?

156 937 266 993 CH.
289 939 424 993 Non
457 960 557 1015 ego
573 938 709 994 illam
722 937 997 1015 mancupio
1010 938 1196 1013 accepi.
1231 939 1340 995 DE.
1369 931 1449 990 sed
1464 934 1546 990 ille
1561 932 1696 990 illam
1711 953 1789 989 ac-

378 1019 513 1094 cipit.
537 1015 658 1073 fine.

155 1091 264 1151 CH.
280 1094 410 1149 Non
425 1112 570 1170 potes
595 1114 651 1152 tu
679 1091 789 1171 lege
816 1093 1032 1151 vendere
1060 1090 1210 1150 illam.
1260 1096 1364 1149 DE.
1378 1112 1476 1168 ego
1506 1088 1699 1165 aliquid
1723 1091 1794 1145 vi-

373 1175 513 1228 dero,

156 1248 264 1306 CH.
296 1249 412 1304 Post
423 1267 589 1304 autem
604 1250 899 1303 communis*
914 1244 1072 1302 estilla
1086 1247 1215 1301 mihi
1232 1265 1352 1301 cum
1370 1244 1488 1300 alia
1503 1244 1594 1319 qui
1607 1243 1704 1299 scio

41 1347 63 1384 1
83 1349 99 1380 1
115 1351 136 1404 5
161 1330 299 1405 Qid
312 1325 367 1381 fit
382 1329 426 1381 ei
441 1328 620 1387 animi,
648 1328 894 1380 vaenitene
917 1344 1029 1379 eam
1045 1323 1195 1390 velit,
1227 1345 1289 1377 an
1308 1344 1415 1377 non
1430 1323 1546 1377 velit
1565 1327 1589 1372 ,ἓ

157 1408 261 1462 ΒΕ.
297 1407 408 1480 Ego
444 1399 541 1458 scio
571 1403 711 1460 velle.
758 1403 873 1459 CH.
899 1421 945 1457 at
959 1401 1048 1480 pol
1061 1421 1160 1478 ego
1189 1400 1284 1477 effe
1307 1401 1460 1456 credo
1473 1401 1692 1476 aliquem
1705 1399 1796 1474 qui

374 1502 485 1536 non
499 1478 630 1536 velit.

128 1561 258 1616 DE.
272 1561 412 1635 Qid
427 1560 481 1613 id
498 1560 613 1613 mezi
626 1557 810 1616 refert?
838 1556 946 1613 CH.
962 1556 1081 1634 quia
1097 1555 1314 1615 illisuam
1336 1575 1445 1613 tem
1463 1553 1557 1611 effe
1586 1575 1797 1631 aequom

335 1637 471 1691 estin
487 1657 657 1692 manu.

126 1714 128 1717 ’
159 1715 261 1771 ΒΕ.
286 1715 428 1791 Qid
445 1717 514 1771 ais
531 1730 546 1772 ἒ
586 1714 636 1771 C
641 1735 694 1770 H.
708 1713 1000 1771 communis
1013 1712 1142 1770 mihi
1155 1713 1236 1769 illa
1249 1713 1318 1770 est
1329 1733 1447 1769 cum
1459 1712 1574 1769 alio.
1597 1713 1639 1769 is
1655 1733 1797 1770 nunc

385 1791 590 1848 hicnon
605 1792 751 1848 adest.

166 1870 270 1924 DE.
294 1871 433 1925 Prius
445 1869 712 1948 respondes
727 1911 742 1934 ,
766 1890 923 1947 quam
936 1889 1083 1947 rogo.
1120 1870 1227 1928 CH.
1249 1870 1383 1948 ptius
1393 1886 1448 1925 tu
1462 1868 1586 1924 emis
1601 1909 1614 1936 ‚
1637 1888 1795 1945 quam

385 1949 553 2002 vendo
572 1998 587 2022 ‚
617 1966 770 2024 pater.

48 2044 68 2079 ι
83 2044 152 2081 zo
173 2023 359 2081 Nescio
375 2064 391 2089 ‚
416 2026 627 2102 inquam
643 2065 660 2091 ,
686 2024 802 2083 velit
815 2024 897 2081 ille
908 2024 1044 2083 illam
1058 2075 1074 2099 ,
1109 2044 1273 2082 necne
1284 2023 1618 2079 abalienarier.

43 2225 149 2264 tium
168 2222 320 2266 offerat.
358 2230 407 2266 Et
419 2228 548 2282 poscere
564 2227 628 2267 hic
638 2239 710 2281 pro
729 2226 838 2266 liceri
858 2226 914 2266 δε,

1519 2103 1631 2157 DE.
1648 2103 1795 2185 Qid

935 2225 1122 2278 ponderis
1150 2240 1159 2263 ε
1189 2226 1231 2266 &
1255 2227 1355 2270 mina,
1370 2226 1550 2264 commode
1561 2226 1793 2278 accipienda!

36 2278 436 2320 auffionariomnino
456 2282 639 2334 ponitur,
671 2282 726 2321 ita
747 2282 886 2320 Chari-
906 2271 910 2282 '
940 2279 1028 2321 sunt
1040 2293 1111 2333 pro
1124 2278 1275 2328 justo&
1288 2279 1494 2319 sufficienti
1507 2282 1655 2332 pretio,
1669 2290 1713 2319 ut
1723 2293 1796 2320 vo-

36 2344 133 2373 nas,
156 2339 223 2373 ,Λε
238 2335 306 2372 illic
310 2336 486 2390 pouicitus
509 2336 554 2384 est
564 2337 685 2383 prior,
722 2334 887 2379 hocest,

34 2385 209 2426 licitatus
226 2386 293 2426 est.
325 2390 398 2429 Sed
418 2390 458 2428 &
471 2391 651 2430 tAlciatus
674 2391 718 2429 in
740 2392 888 2441 Parerg.

36 2441 331 2480 pollicitationem
373 2444 460 2483 vult
488 2442 564 2483 effe
581 2443 683 2482 illud
710 2444 888 2496 primum

35 2495 207 2544 pretium
222 2521 234 2538 ,
253 2495 364 2549 quod
377 2497 484 2536 ultro
496 2494 613 2536 offert
633 2508 805 2549 emptor,
817 2509 887 2535 an-
906 2519 908 2523 ν

37 2556 199 2599 tequam
211 2562 427 2601 praeconem
452 2551 628 2590 venalem
651 2551 890 2601 proclamet:

39 2602 150 2652 quod
162 2600 208 2642 ab
219 2615 268 2641 eo
280 2614 459 2657 tempore
468 2605 552 2645 fieri
570 2604 688 2657 poffit
704 2605 887 2645 licitatio.

44 2657 224 2694 Nannius.
239 2658 353 2697 Nihil
365 2659 605 2699 mutandum
619 2657 770 2699 censeo.
808 2662 890 2698 Ne-

47 2718 127 2768 que
145 2717 280 2750 tamen
305 2714 498 2750 commodas
511 2715 625 2752 minae
655 2712 722 2753 hic
738 2725 892 2766 accepe-

46 2773 122 2800 nm
133 2773 203 2812 pro
226 2764 403 2819 integris,
429 2768 548 2812 totis,
571 2767 660 2816 justi
679 2767 889 2819 ponderis,

46 2826 132 2853 non
143 2815 391 2866 adulterinis3
420 2821 632 2874 quomodo
645 2823 806 2862 Nonius
828 2823 889 2861 in-

46 2875 298 2929 terpretatum
322 2871 386 2913 sed
406 2887 474 2926 pro
497 2875 596 2922 iusto
611 2887 657 2915 ac
683 2874 892 2916 sufficienti

45 2933 188 2972 pretio.
216 2926 452 2982 Deeoenim
471 2928 687 2982 hicagitur.
713 2932 887 2969 Boxhorn.

47 2977 445 3033 Commoduposcit.]Et
453 2994 526 3035 ego
537 2984 636 3024 nihil
650 2985 889 3024 mutandum

45 3029 200 3090 fensto·
231 3034 370 3086 Neque
383 3038 739 3086 tamenabiicienda
763 3041 890 3079 Nonii

0 3112 1 3125 2
46 3087 314 3142 interpretatio
330 3099 402 3143 pro
420 3088 610 3147 integris,
636 3093 736 3134 totis
756 3118 773 3139 ,
803 3092 892 3145 justi

935 2334 1040 2374 lunt.
1054 2338 1196 2388 Neque
1204 2335 1315 2374 enim
1327 2334 1376 2373 de
1388 2346 1438 2372 eo
1448 2337 1587 2384 agitur,
1600 2334 1710 2385 quod
1725 2336 1794 2374 ad-

936 2388 1145 2428 duntmam
1159 2387 1295 2441 pauno
1307 2389 1393 2440 post
1403 2387 1511 2428 idem
1527 2390 1797 2441 quinquagin-

938 2452 977 2482 ta
989 2443 1109 2483 minis
1121 2440 1257 2496 poscit,
1269 2443 1310 2481 &
1322 2442 1433 2495 quod
1444 2441 1692 2493 potissimum
1714 2444 1767 2482 est
1776 2470 1790 2488 ‚

937 2496 1197 2549 nusquamita
1214 2497 1393 2534 commoda
1416 2497 1516 2534 mine,
1529 2525 1541 2542 ,
1570 2497 1794 2535 commodum

937 2552 1117 2590 talentum
1140 2552 1182 2589 ἃ
1204 2549 1352 2589 similia
1384 2551 1639 2603 accipiuntur.
1697 2553 1796 2592 Vide

939 2605 1177 2658 Scaligerum
1206 2603 1313 2644 dere
1349 2609 1578 2646 nummaria
1613 2616 1699 2658 pag.
1725 2618 1793 2651 24.

937 2661 1154 2699 Gronovius.

995 2727 1085 2754 112.
1120 2717 1198 2754 Dr,-
1225 2715 1293 2754 Sed
1315 2715 1370 2753 ille
1388 2713 1524 2769 illam]
1561 2718 1621 2753 Ita
1647 2725 1793 2765 cogen-

938 2777 978 2807 te
1017 2765 1208 2808 sententia
1247 2768 1581 2822 distinguendum.
1649 2768 1796 2813 Reiicit

939 2831 1045 2875 pater
1073 2821 1344 2870 objestionem
1382 2822 1474 2862 filii.
1523 2821 1638 2862 Nihil
1657 2820 1796 2860 referre

939 2877 988 2916 de
1012 2878 1239 2930 mancupio.
1272 2879 1468 2929 quoniam
1490 2877 1582 2916 licet
1604 2873 1683 2926 ipse
1705 2888 1792 2913 non

942 2931 1132 2983 acceperit
1150 2958 1163 2976 ,
1217 2932 1384 2983 accipere
1413 2942 1548 2974 tamen
1584 2930 1703 2969 illum
1737 2926 1793 2967 se-

943 2997 1064 3024 nemr
1084 2998 1157 3025 nec
1167 2984 1344 3025 deterreri
1364 2985 1413 3025 ab
1431 2987 1651 3038 emptione.
1681 2981 1795 3033 quod

941 3039 1153 3080 evistionis
1203 3039 1424 3095 periculum
1462 3054 1548 3080 non
1587 3036 1799 3090 pxaestetut·

942 3095 1098 3135 ,Acidah

1024 3158 1029 3159 ⁷
1600 3158 1689 3187 121.
1720 3145 1795 3186 laic
