2064 3718
481 143 1344 202 ACTUSII.SCENAV.
1716 158 1794 221 31'

118 239 457 303 Domicilium
471 241 541 297 est
556 281 573 305 ‚
592 240 812 298 Athenis
828 242 1012 298 domus
1029 262 1083 297 ac
1097 241 1260 297 herus.
1298 262 1398 319 ego
1475 241 1548 309 ss‘ffg
1574 246 1801 323 ‘a‘ttg'ggsshg‘gj

338 319 477 375 istam
502 321 721 375 domum
1466 318 1624 354 ⁶30¹¹³²²¹¹¹
1635 324 1693 355 ἃς·

120 399 310 472 Neque
323 416 526 453 moror:
565 399 941 476 nequev03,qui
956 397 1197 453 homines
1213 396 1325 462 sitiS‚
1342 400 1479 466 novi,
1495 423 1664 480 neque
1675 405 1795 470 scio,

117 476 210 531 Se.
234 477 372 551 Lege
382 478 547 552 agito:
577 495 626 533 te
638 475 884 554 nusquam
901 480 1114 539 mittam,
1132 474 1226 530 nis1
1243 476 1324 531 das
1338 474 1586 536 firmatam
1607 481 1796 559 fidem3

119 554 204 609 Te
219 552 318 608 huc
335 594 350 617 ‚
365 552 400 608 si
416 557 634 611 omisero
651 596 667 620 ,
678 556 812 611 intro
830 556 1028 611 ituram.
1039 557 1139 611 PH.
1152 557 1200 611 vi
1217 574 1302 609 me
1318 558 1476 632 cogiS,
1494 558 1714 638 quisquis
1729 588 1798 626 es,

32 650 98 706 45
116 632 208 687 Do
225 629 398 697 fidem,
416 630 451 687 si
467 633 686 696 omitti8‚
710 633 835 690 istoc
848 654 929 690 me
941 636 1078 689 intro
1092 636 1274 688 ituram
1288 675 1303 697 ‚
1318 654 1425 709 quo
1438 635 1603 711 jubes,

115 711 209 766 SC.
235 712 362 766 Ecce
375 712 581 768 omitto.
617 713 714 769 PH.
739 730 788 768 at
815 732 911 791 ego
938 713 1071 768 abeo
1084 711 1237 768 miffi..
1276 714 1366 768 Sc.
1389 715 1626 773 muliebri
1638 719 1791 779 fecisti

341 786 460 845 fide.

115 865 453 923 PA.Sceledre
466 908 480 932 ‚
508 868 741 924 manibus
751 866 949 924 amisisti
962 870 1198 945 ptaedam.
1213 886 1318 924 tam
1331 890 1387 925 ea
1407 871 1476 926 est
1491 892 1645 948 quam
1661 879 1796 955 potis

53 939 55 943 ¹
117 944 305 999 Nostra
320 945 485 1002 herilis
498 948 786 1003 concubina
803 989 817 1011 ,
845 947 942 1003 vin’
958 967 1014 1003 tu
1028 947 1193 1003 facere
1210 946 1312 1002 hoc
1328 947 1520 1004 strenue
1536 964 1552 1006 Ξ

116 1023 363 1099 Sc.Qid
379 1023 559 1079 faciam
578 1038 593 1081 Ξ
609 1024 824 1082 PA.affer
842 1025 967 1080 mihi
985 1025 1286 1081 machaeram
1307 1026 1407 1082 huc
1423 1030 1792 1111 intus.Sc.quid

337 1099 484 1157 facies
511 1104 599 1159 ea?

30 1198 102 1252 50
117 1175 211 1231 ΡΑ.
234 1182 376 1233 Intro
388 1198 624 1255 rumpam
642 1182 778 1236 reeb&
790 1181 844 1235 in
858 1181 986 1235 aedes
998 1222 1013 1243 ,
1026 1199 1288 1255 quemque
1305 1180 1385 1236 hic
1397 1184 1529 1240 intus
1542 1186 1715 1243 videto
1780 1248 1790 1260 ¹

115 1252 256 1311 Cum
283 1255 658 1312 Philocomasio
686 1256 992 1314 osculantem
1007 1301 1021 1323 ,
1058 1277 1178 1312 eum
1220 1276 1319 1333 ego
1344 1259 1664 1318 obtruncabo
1704 1286 1791 1322 ex-

336 1334 587 1412 ternpulO.

109 1409 201 1466 Sc.
218 1409 396 1468 Visane
409 1413 477 1467 est
494 1433 550 1468 ea
564 1411 691 1470 esse?
733 1415 829 1470 ΡΑ.
841 1418 1015 1470 Immo
1028 1412 1211 1490 edepol
1226 1415 1372 1492 plane
1386 1435 1441 1472 ea
1453 1417 1537 1475 est.
1566 1415 1646 1480 sed
1659 1442 1792 1498 quo-

331 1492 496 1546 modo

109 1563 470 1625 Diffimulabat
485 1568 497 1626 l
514 1568 611 1635 abi,
627 1569 927 1627 machaeram
946 1570 1047 1624 huc
1063 1568 1200 1625 effer.
1226 1572 1428 1650 Sc.jam
1445 1572 1566 1629 faxo
1583 1574 1668 1632 hic
1682 1579 1788 1633 erit³

107 1643 202 1699 ΡΑ.
215 1646 321 1701 ΝΕ
336 1648 458 1727 Qui
475 1651 513 1703 E
553 1650 592 1702 E
610 1650 737 1730 Q]
753 1650 791 1702 E
808 1650 840 1704 S
856 1690 873 1713 ,
911 1667 1079 1724 neque
1090 1649 1242 1725 pedes
1264 1652 1499 1727 profesto
1521 1653 1785 1732 quisquam

329 1742 464 1782 tanta
479 1728 678 1782 audacia
693 1770 710 1793 ,

26 1823 53 1879 5
66 1826 90 1878 5
111 1800 218 1882 Qi
233 1822 375 1879 aeque
393 1804 537 1861 faciat
550 1804 863 1862 confidenter
875 1805 1149 1882 quicquam
1169 1851 1182 1872 ‚
1209 1827 1365 1881 quam
1388 1829 1499 1886 quae
1514 1809 1746 1868 mulieres

107 1881 320 1936 Faciunt.
358 1901 412 1938 ut
428 1883 698 1958 utrobique
712 1886 998 1940 orationem
1017 1885 1168 1939 docte
1183 1886 1368 1944 edidit!

107 1957 184 2014 Ut
197 1958 452 2015 sublinitur
465 1982 523 2016 os
539 1963 731 2019 custodi
742 1983 894 2026 cauto
908 1958 1149 2019 conservo
1165 1983 1287 2019 meo
1307 1962 1321 2021 l

1608 2045 1787 2104 Nimis

70 2168 139 2202 41.
168 2156 327 2198 „Athenis
346 2156 472 2196 domus
491 2172 530 2197 ae
548 2158 686 2212 hermu]
721 2165 796 2200 Pro
810 2161 873 2198 ho-
923 2159 1039 2198 stium
1052 2158 1153 2204 hoc,
1183 2160 1286 2200 mihi
1307 2159 1562 2202 domicilium
1574 2164 1651 2203 est:
1681 2179 1777 2208 nam

12 2206 125 2257 stium
137 2214 196 2249 hoc
207 2214 298 2250 mihi
317 2213 543 2250 domicilium
563 2213 628 2261 est,
653 2214 870 2267 legendum
922 2212 1138 2266 hospitium,
1171 2215 1284 2268 quod
1302 2214 1448 2268 scriptis
1475 2218 1679 2259 codicibus
1709 2223 1779 2261 tti-

17 2263 222 2316 exscriptis
237 2266 480 2308 codicibus,
503 2266 694 2322 hospitium
709 2270 871 2307 hocmihi
923 2267 1011 2308 buit
1039 2265 1054 2305 ὅ
1090 2267 1190 2309 πάνυ
1211 2295 1224 2312 ,
1261 2271 1305 2308 in
1339 2282 1482 2310 neutro
1520 2274 1774 2324 optimorum

17 2319 238 2357 domicilium
262 2321 319 2369 est.
349 2321 394 2360 Id
415 2321 488 2362 est,
512 2323 591 2361 hoc
611 2322 867 2364 domicilium
921 2322 1109 2374 apparuit.
1167 2325 1367 2363 Caetexum
1396 2323 1425 2362 fi
1456 2335 1566 2376 potes
1589 2324 1687 2367 ferre
1714 2331 1777 2366 he-

18 2373 121 2413 mihi
135 2372 353 2427 hospitium
367 2375 440 2419 est,
459 2374 867 2429 veldomushospita-
918 2390 1004 2413 rum
1024 2376 1102 2415 dici
1115 2387 1335 2416 amatorem
1351 2404 1362 2421 ,
1400 2377 1515 2418 facile
1539 2381 1687 2432 patior:
1717 2380 1775 2423 se.

17 2426 80 2465 lis.
105 2431 153 2467 In
182 2429 262 2469 hoc
285 2429 516 2473 domicilio,
539 2432 582 2470 in
612 2430 674 2470 his
695 2432 865 2473 aedibus,
918 2443 985 2470 cus
1005 2440 1159 2483 poterat
1181 2429 1383 2483 stripfiffe:
1407 2435 1567 2472 ,Athenis
1588 2436 1712 2474 domus
1730 2451 1773 2474 ac

18 2488 208 2535 tanquam
219 2484 261 2522 in
276 2483 463 2537 hospiti0,
479 2485 537 2524 vel
548 2483 651 2537 apud
664 2482 865 2538 hospitem
911 2498 1036 2535 genus.
1094 2487 1148 2523 Ut
1174 2511 1186 2528 ‚
1225 2487 1313 2539 Qui
1343 2499 1454 2537 genus
1476 2493 1494 2524 ?
1521 2489 1611 2526 unde
1639 2491 1769 2528 domo?

18 2532 201 2576 divertor.
228 2540 276 2575 In
297 2537 548 2592 sequentibus
572 2538 675 2578 nihil
704 2549 865 2580 mutan·
918 2541 980 2578 Sic
999 2539 1043 2578 in
1075 2539 1253 2579 Bacchid.
1280 2553 1319 2586 4.
1356 2554 1391 2578 2.
1421 2553 1491 2593 pro
1512 2543 1649 2581 intendi
1667 2553 1770 2583 tenus·

18 2586 132 2628 dum,
160 2593 571 2647 ..Athenosaomusatque
582 2595 696 2631 herm·
708 2596 864 2643 Quam·
913 2594 1009 2633 alter
1032 2593 1245 2639 codicum,
1274 2594 1427 2632 intendit
1452 2597 1568 2635 herus.
1606 2599 1770 2637 Grono-

18 2643 76 2680 vis
86 2644 192 2683 enim
205 2643 241 2684 se
266 2659 336 2698 pro
347 2646 468 2686 libera
490 2649 531 2686 δε
551 2648 722 2700 ingenua
731 2657 859 2700 gerat,
915 2649 1016 2687 vius·

17 2706 89 2748 pro
111 2701 309 2739 meretrice
325 2700 505 2754 loquitur
525 2713 611 2755 quae
635 2701 750 2740 heros
771 2701 861 2741 suos
964 2713 1028 2748 43.
1059 2701 1291 2756 Legeagito]
1321 2705 1539 2754 Legeagere.
1566 2703 1769 2755 estinjure

17 2747 208 2790 vocabant
220 2765 312 2798 eos,
332 2755 478 2808 quibus
497 2754 676 2795 mercede
699 2755 861 2795 addistae
911 2755 953 2795 id
966 2783 977 2800 ,
1006 2759 1170 2810 quodin
1188 2756 1414 2808 lege'aliqua
1435 2759 1665 2798 institutum
1685 2759 1764 2803 est.

16 2814 176 2854 operam
199 2805 362 2852 dabant,
388 2810 470 2848 aliae
502 2809 546 2848 in
581 2822 734 2848 annum
755 2812 858 2849 inte-
912 2823 1031 2861 agere.
1068 2810 1166 2849 Vide
1178 2820 1293 2851 notas
1305 2812 1394 2849 Aul.
1410 2810 1766 2855 a&.3.sc.3.ss's.xo.

15 2868 129 2909 grum
143 2883 155 2900 ‚
167 2859 248 2896 aliae
259 2861 300 2899 in
312 2860 487 2900 mensem
500 2871 567 2902 aut
578 2862 687 2902 aliud
701 2873 859 2916 tempo-
912 2866 995 2916 Nifi
1005 2864 1263 2913 dasfirmatam
1279 2863 1407 2914 fidem.
1457 2867 1701 2906 Firmabatut
1711 2866 1761 2906 fl-

14 2912 64 2948 tis
77 2908 257 2962 spatium.
290 2917 398 2954 Cum
419 2915 507 2955 libri
518 2916 736 2955 constanter
758 2917 859 2957 hanc
909 2918 1267 2966 desiurejutando,
1297 2917 1394 2971 spon
1415 2921 1548 2959 oribus
1565 2947 1576 2963 ,
1606 2918 1764 2965 fideius-

12 2963 226 3004 lectionem
240 2968 450 3012 retineant,
463 2982 546 3007 non
557 2979 704 3010 temere
717 2967 859 3011 sollici·
910 2971 1060 3012 foribus
1071 3000 1083 3016 ,
1098 2973 1172 3010 ἃς.
1198 2985 1429 3025 quanquam
1441 2975 1503 3013 hic
1521 2973 1760 3025 simpliciter.

14 3018 144 3057 tanda.
172 3021 381 3070 Salmafius.
413 3022 549 3070 ostium
562 3026 621 3061 hoc
639 3023 766 3077 mihi]
783 3028 859 3063 Ex·
908 3039 1000 3077 pro,
1031 3025 1236 3076 darefidem
1248 3036 1393 3075 certam,
1403 3028 1581 3082 posstum
1592 3028 1758 3066 videtur,

11 3071 264 3123 plicandum,
296 3075 338 3114 in
362 3076 526 3122 aedibus,
557 3090 726 3132 quarum
741 3078 795 3119 est
814 3090 858 3119 ο-
909 3080 1117 3121 Lambinus.
1630 3137 1663 3171 T

1538 3141 1599 3180 58.
1662 3147 1760 3172 ‘ans-
