2064 3718
256 178 290 187 ἡ·
480 106 783 165 ‘lic-rus
823 102 877 166 1?
913 105 1207 170 Scz‘na
1242 108 1310 178 V.
1685 114 1802 180 1167,

131 206 193 263 161
210 225 274 262 ne
287 200 547 261 tu-miratis
563 241 578 264 ‚
611 200 647 257 fi
663 197 876 276 patriliat
886 199 1013 257 filius
1029 217 1046 258 ἒ
1433 224 1438 226 ·

135 286 220 339 Ps.
245 281 392 360 §5225
401 321 418 345 ,
444 299 598 356 quam
616 279 759 354 pauci
772 276 882 334 estis
899 280 1133 336 homines
1148 273 1439 335 commodi!

131 361 299 416 Ehem
320 399 336 421 ,
358 357 472 414 illuc
490 356 558 412 est
572 375 770 434 patrem
781 354 876 412 esse
889 397 905 421 ,
928 375 981 413 ut
994 376 1200 432 aequum
1215 355 1307 420 est,
1334 351 1468 418 filio!

49 457 118 508 30
134 440 201 494 S1.
217 437 346 517 Qis
363 436 446 491 hic
458 434 676 510 loquitur
695 448 711 491 Ξ
740 452 882 489 meus
892 434 976 490 hic
987 433 1056 491 est
1067 434 1274 510 quidem
1287 434 1448 489 servos
1459 427 1750 487 Pstudolus.

131 518 234 571 Hic
246 512 373 568 mihi
390 513 669 589 corrumpit
681 511 840 567 filium
854 553 872 576 ‚
895 510 1132 568 scelerum
1145 529 1306 589 caput.

131 594 236 647 Hic
250 593 351 646 dux
368 631 384 654 ,
420 590 502 647 hic
515 590 594 645 ille
609 590 677 645 est
688 592 990 666 paedagogus
1012 610 1024 642 :
1052 589 1189 645 hunc
1205 609 1301 664 ego
1503 591 1531 618 ¹·
1558 585 1624 615 ⁶¹‘'·
1637 586 1688 625 ¹²³⁶*
1701 586 1746 616 ³¹¹³
1757 586 1798 619 '³¹²

1234 649 1250 666 ι
1526 625 1704 661 εὰειςζοῑιυς.

129 669 303 745 Cupio
323 669 605 724 excruciari.
641 669 864 747 CAJam
887 667 1017 724 istaec
1054 634 1662 725 INSIPIENTIAPEST
1679 704 1697 729 ,

128 749 208 804 Sic
220 751 340 803 iram
352 749 404 802 in
420 764 630 823 promtu
644 765 829 822 gerere.
850 762 1047 822 quanto
1060 745 1197 801 statius
1212 745 1282 801 est
1296 785 1315 810 ,

44 843 66 897 3
81 843 106 899 5
133 825 288 880 Adire
305 823 496 880 blandis
510 823 670 879 verbis
683 864 699 888 ‚
726 841 876 900 atque
888 826 1148 900 exquirere
1163 864 1180 888 ‚

131 905 245 958 Sint
259 902 336 957 illa
350 944 366 966 ,
397 922 555 960 necne
573 900 668 957 fint
683 942 698 964 ,
726 921 838 976 quae
852 901 943 959 tibi
959 903 1284 958 renunciant?

107 986 110 994 ’
130 983 167 1036 Β
185 982 239 1037 O
255 982 310 1036 N
326 982 379 1039 U
393 983 425 1037 S
468 982 519 1036 A
535 982 590 1036 N
605 986 626 1036 1
646 982 710 1035 M
725 979 780 1037 U
794 980 827 1034 S
864 981 916 1034 in
929 979 1060 1035 mala
1074 998 1125 1033 re
1139 980 1407 1034 dimidium
1424 976 1493 1034 est
1509 974 1643 1031 mali.
1680 1023 1681 1027 ,

125 1056 646 1115 S1.Tibiauscu1tabo.
681 1058 763 1113 Ps.
776 1059 871 1113 itur
887 1059 953 1113 ad
964 1077 1041 1123 te,
1070 1054 1342 1114 Pseudole:

127 1137 433 1192 Orationem
447 1136 540 1191 tibi
554 1153 668 1211 para
682 1133 945 1191 advorfiim
960 1134 1146 1190 senem.

35 1225 107 1276 40
127 1215 324 1268 Herum
339 1214 491 1269 saluto
508 1215 731 1288 primum
745 1252 760 1276 ,
787 1230 842 1268 ut
856 1231 1060 1287 aequom
1078 1212 1173 1266 est:
1200 1210 1372 1287 postea

125 1293 177 1347 Si
196 1294 316 1365 quid
331 1289 528 1366 superfit
541 1330 556 1352 ‚
586 1292 774 1344 vicinos
789 1291 1039 1363 impertio.

124 1369 194 1424 S1.
209 1367 365 1424 Salve.
388 1368 509 1442 quid
528 1368 688 1443 agitur
707 1379 722 1422 ἒ
759 1368 842 1421 Ps.
860 1367 1008 1422 statur
1029 1366 1110 1422 hic
1125 1365 1186 1420 ad
1201 1364 1338 1420 hunc
1352 1364 1588 1419 modum.

122 1447 193 1500 51.
207 1449 398 1502 Statum
415 1447 528 1510 vide
543 1444 771 1500 hominis
788 1495 802 1517 ‚
842 1444 1085 1518 Callipho
1103 1484 1118 1507 ,
1138 1462 1294 1520 quam
1312 1440 1600 1498 Basilicum!

124 1522 230 1578 CA.
245 1526 376 1577 Bene
390 1521 805 1595 confidenterque
815 1521 1005 1577 astitiffe
1019 1521 1274 1595 intellego,

28 1611 71 1666 4
75 1613 99 1666 5
122 1601 201 1655 Ps.
218 1601 459 1657 DECET
501 1600 1023 1657 INNOCENTEM
1038 1640 1054 1663 ‚
1092 1600 1180 1676 qui
1198 1597 1255 1654 fit
1267 1639 1282 1661 ,
1305 1617 1455 1676 atque
1472 1594 1713 1654 innoxius
1721 1632 1743 1659 ,

119 1677 328 1733 Servom
343 1675 612 1755 superbum
624 1676 718 1733 effe
732 1677 863 1753 apud
877 1680 1054 1732 herum
1072 1674 1426 1754 potissumum.
1810 1685 1814 1688 '

120 1752 369 1812 CA.Sunt
378 1775 488 1832 quae
503 1773 552 1811 te
564 1755 800 1813 volumus
812 1758 1097 1832 percontari
1107 1796 1123 1819 ,
1155 1774 1268 1830 quae
1280 1752 1416 1830 quast

119 1832 215 1886 Per
227 1833 465 1888 nebulam
482 1832 680 1890 nosmet
692 1831 869 1889 scimus
884 1851 1035 1908 atque
1048 1833 1343 1889 audivimus.

122 1909 189 1969 SI.
211 1909 585 1985 Conficietjam
601 1929 649 1966 te
672 1911 755 1966 hic
782 1910 964 1967 verbis:
997 1929 1052 1966 ut
1062 1928 1118 1965 tu
1132 1909 1326 1966 censeas

28 1996 58 2052 5
66 1998 102 2033 Θ
123 1985 255 2042 Νο11
272 1986 571 2052 Pseudolum
588 2028 605 2052 ,
632 1986 712 2043 sed
727 1991 986 2046 Socratem
999 2005 1168 2043 tecum
1186 1987 1349 2063 loqui.

120 2063 291 2121 Ps.1ta
311 2066 396 2122 est.
421 2065 722 2142 jampridem
740 2081 794 2120 tu
810 2084 894 2120 me
907 2064 1117 2142 sperni3‚
1143 2064 1335 2128 senti0,

118 2141 328 2198 Parvam
346 2142 440 2200 este
450 2144 578 2219 apud
596 2162 644 2199 te
658 2142 786 2198 mihi
803 2140 958 2199 fidem
971 2140 1070 2219 ipse
1084 2140 1350 2217 intellego:

116 2217 280 2293 Cupis
296 2240 380 2276 me
391 2220 485 2277 effi:
495 2240 716 2298 nequam
734 2260 751 2285 ‚
788 2236 961 2282 tamen
974 2241 1062 2277 ero
1078 2220 1207 2297 frugi
1218 2219 1387 2278 bonae.

115 2298 180 2353 81.
195 2302 284 2355 Fac
302 2297 360 2353 sis
374 2300 557 2355 vacivas
572 2338 588 2361 ‚
613 2296 853 2355 Pseudole
866 2340 882 2364 ‚
910 2299 1028 2354 aedis
1038 2301 1232 2356 aurium
1248 2337 1266 2361 ‚

24 2383 54 2439 5
64 2385 90 2439 5
119 2378 239 2432 Mea
256 2393 308 2432 ut
324 2377 537 2454 migrare
555 2374 885 2454 dictapoffint
897 2397 1004 2453 quo
1019 2375 1156 2433 volo.

107 2455 189 2510 Ps.
212 2455 324 2532 Age
341 2494 357 2520 ‚
381 2455 592 2531 loquere
608 2455 731 2531 quid
742 2455 839 2520 viS‚
865 2455 1058 2529 ramerii
1073 2456 1167 2511 tibi
1180 2449 1457 2511 succenseo
1602 2530 1636 2586 S
1683 2530 1764 2586 M·

1639 2549 1669 2585 1.
1750 2551 1789 2585 μ

20 2648 251 2703 aliquainde
262 2652 343 2694 dati
363 2653 494 2706 poffit.
545 2654 606 2694 Ad
627 2655 869 2708 magnitudi-
894 2654 900 2743 J
919 2646 1165 2696 observarent
1175 2667 1243 2697 aut
1253 2655 1540 2701 formarent-At
1557 2659 1780 2710 Praeceptores

23 2714 114 2764 {iem
127 2707 434 2758 igiturpettinet3
451 2722 555 2753 non,
578 2710 690 2762 quod
701 2709 872 2761 quilibet
893 2745 897 2767 1
920 2710 1140 2754 docebant,
1155 2712 1194 2749 ὅ(
1207 2722 1305 2751 artes
1317 2708 1571 2764 scientiasque
1590 2708 1780 2748 infunde-

22 2768 46 2793 e
60 2759 205 2816 populo
216 2758 325 2800 suam
337 2772 487 2814 partem
499 2762 556 2803 ibi
569 2765 800 2805 inventurus
810 2764 871 2803 fit.
920 2764 1026 2803 bant.
1045 2767 1226 2804 senecal.
1246 2780 1282 2804 2.
1304 2777 1369 2804 22.
1399 2767 1462 2803 De
1482 2768 1560 2803 Ira:
1592 2767 1783 2817 Praecepto-

23 2809 199 2858 P¹st0rim·
917 2833 971 2857 res
976 2820 1224 2874 padagogique
1230 2822 1348 2875 pueris
1359 2819 1494 2870 placidi
1511 2820 1653 2856 dentur.
1675 2814 1780 2869 Lips.

78 2873 94 2905 3
105 2876 140 2902 2.
155 2866 223 2903 Hic
234 2866 288 2904 ille
300 2867 588 2923 estpaedagogus]
603 2871 784 2923 Antiquo
797 2871 870 2910 illo
969 2885 1039 2919 43·
1072 2874 1264 2928 Statum]
1297 2873 1396 2914 Vide
1408 2876 1510 2912 Not.
1523 2871 1724 2925 Amphitr.
1739 2884 1775 2909 1.

21 2927 106 2954 aevo
138 2921 310 2979 i’aedagogi
338 2922 503 2962 distinffi
530 2923 554 2963 ὲ
587 2923 868 2979 Praeceptoribm.
919 2940 948 2965 1.
977 2940 1058 2965 110.

24 2971 129 3009 Nam
142 2971 200 3011 isti
211 2973 314 3013 nihil
335 2976 404 3015 nisi
424 2974 564 3016 affeclae
583 2989 692 3017 erant
706 3005 718 3020 ‚
761 2979 802 3017 ὃς
824 2989 870 3018 ut
973 2992 1034 3025 54·
1065 2981 1190 3031 Facfis
1211 2980 1405 3037 vacivas]
1435 2979 1535 3022 Vide
1557 2981 1610 3018 N.
1633 2975 1776 3017 Cafina

17 3033 231 3074 puerorum
242 3027 453 3081 progressus
470 3056 482 3073 ι
513 3030 685 3073 actiones
695 3059 708 3079 ,
738 3045 871 3074 mores
914 3035 1088 3086 Ptologo
1102 3033 1162 3079 >bs
1177 3047 1239 3080 29·

1047 3091 1080 3128 L
1104 3101 1132 3132 4
1546 3091 1612 3125 68.
1638 3086 1772 3124 Meum
