2005 3686
540 89 1215 152 FRAGMENTA:
1648 106 1764 170 575*

343 224 519 291 BIS
615 224 1411 293 COMPRESSA.

627 340 1134 385 *Βοεοτ-ΧΑ.

94 460 243 583 U
262 459 312 512 T
329 455 470 511 illum
485 455 574 513 Dii
585 455 795 532 perdant
811 494 826 518 ‚
865 455 1054 526 primus
1067 456 1154 529 qui
1172 453 1316 510 horas
1329 458 1543 534 reppetit
1556 497 1575 525 ‚

263 538 470 613 Qique
485 538 612 588 adeo
626 537 816 607 primus
830 531 911 585 hic
924 531 1085 585 statuit
1098 529 1350 589 solarium.

96 613 204 688 Qi
219 613 343 667 mihi
360 612 666 666 comminuit
682 608 862 664 misero
878 608 1171 663 articulatim
1188 610 1339 666 diem.

93 689 234 743 Nam
247 710 330 744 me
343 709 504 766 puero
524 705 687 744 uterus
702 689 782 742 hic
792 703 893 741 etat
904 683 1135 740 solarium
1439 704 1525 736 εφη.
1537 712 1633 743 puero
1649 712 1766 744 venter.

46 786 74 838 5
98 767 268 821 Multo
281 769 517 823 omnium
535 766 745 821 istorum
759 781 1028 842 optumum
1042 767 1095 818 ἅτ
1112 762 1451 822 verissumum.

97 844 205 901 Ubi
218 845 302 900 iste
316 845 559 899 monebat
571 842 664 898 esle
680 866 693 899 :
731 839 821 897 nili
835 861 950 896 cum
969 840 1093 894 nihil
1110 858 1226 895 erat.

98 922 258 977 Nunc
272 924 420 977 etiam
437 922 579 997 quod
595 921 663 976 est
677 961 691 984 ‚
712 940 821 976 non
832 917 902 973 est
913 959 928 981 ,
943 916 1034 974 nisi
1048 916 1133 972 soli
1150 919 1303 974 lubet.
1444 934 1773 975 sulm-nonefflmfi.

99 1004 271 1074 Itaque
283 1001 411 1053 adeo
422 1006 522 1074 jam
538 998 801 1073 oppletum
815 996 884 1051 est
898 998 1144 1073 oppidum
1157 993 1354 1053 solariis,

99 1080 269 1150 Major
281 1095 389 1152 pars
405 1075 580 1152 populi
595 1075 714 1130 aridi
729 1090 921 1151 reptant
938 1074 1087 1130 fame.

11 1214 40 1239 ὓ
158 1217 334 1270 oenias]
353 1216 537 1257 Βοιωτίαν
552 1213 864 1269 scripseratAnti⁴
914 1214 1090 1256 sentiunt
1105 1215 1285 1256 austeres
1308 1227 1416 1255 anno
1434 1218 1518 1270 post
1546 1222 1587 1256 ν’.
1611 1224 1647 1260 c.
1670 1224 1770 1269 4990'

151 1270 295 1322 phanes
306 1298 317 1315 ,
344 1284 468 1324 quam
478 1270 640 1310 Plautus
656 1271 785 1314 vertit,
808 1270 868 1309 vel
914 1270 985 1309 Sed
1000 1269 1111 1322 quod
1125 1270 1307 1309 hocloco
1321 1271 1374 1309 ait
1386 1271 1649 1314 illeParafitus
1664 1302 1676 1320 ,
1703 1289 1778 1329 op-

11 1323 190 1376 quisquis
204 1325 337 1364 auster
351 1325 459 1364 illius
470 1323 623 1363 fabulae:
639 1336 730 1363 nam
746 1326 869 1376 Aqui·
912 1323 1052 1377 pidum
1066 1325 1142 1371 jam
1160 1332 1247 1363 tum
1263 1324 1469 1376 oppletum
1485 1323 1597 1368 fuisse
1612 1327 1776 1377 solariis,

13 1378 58 1415 lii
81 1375 154 1415 ess'e
174 1379 338 1429 quidam
373 1376 566 1418 dicebant.
627 1382 747 1419 Varro
781 1390 869 1416 eam
891 1373 895 1454 1
914 1377 1017 1418 haud
1033 1375 1121 1417 satis
1142 1377 1260 1417 video
1288 1379 1503 1431 quomodo
1529 1380 1781 1434 fitaccipien·

14 1431 157 1469 Plauto
182 1432 404 1471 vindicavit.
428 1430 678 1471 Veriffimum
703 1444 777 1484 ego
801 1444 872 1483 pu·
915 1430 1230 1472 dum-cextefide
1249 1431 1342 1471 urbe
1357 1435 1782 1486 Romaloquitur,fal-

15 1492 98 1522 tem
115 1485 297 1525 Plautum
311 1485 410 1538 ῥ’ἦστν
424 1486 522 1524 hanc
535 1483 687 1525 Parafiti
704 1512 716 1530 ,
736 1495 874 1525 contra
917 1483 1004 1524 sum
1019 1485 1127 1524 dicit.
1155 1488 1260 1524 Nam
1274 1498 1338 1537 per
1348 1497 1433 1525 eam
1447 1496 1598 1527 aetatem
1613 1492 1779 1531 unicum

15 1535 128 1575 horas
144 1539 183 1576 δε
202 1538 415 1589 horologia
426 1540 657 1592 queritantis
674 1566 686 1584 ,
710 1540 875 1591 palliatae
896 1553 899 1570 ι
920 1539 1154 1578 fuitRomae
1166 1538 1442 1592 horologium,
1456 1542 1570 1591 quod
1581 1554 1627 1580 ex
1651 1544 1781 1584 Sicilia

13 1588 154 1630 fabulae
171 1591 382 1631 adtexuiffe
394 1604 440 1631 ex
466 1602 695 1643 temporum
712 1594 875 1631 suorum
897 1571 901 1639 l
923 1592 1130 1631 advestum
1147 1590 1228 1637 est5
1256 1594 1370 1631 cui&
1384 1592 1544 1643 paruisse
1570 1598 1783 1638 Romanos

17 1641 100 1685 usu,
133 1645 345 1685 &novitio
361 1646 630 1685 illoinvento.
658 1647 877 1689 Sane‚con-
899 1651 902 1685 l
922 1643 1051 1684 scribit
1077 1645 1242 1683 Plinius.
1289 1645 1364 1683 Sed
1384 1645 1624 1685 Parafiticam
1651 1648 1783 1701 perso-

17 1699 124 1736 venit
153 1707 323 1752 tempus.
363 1699 523 1739 Plautus
545 1699 587 1737 in
609 1696 720 1738 scena
741 1697 880 1738 floruit
900 1688 905 1778 ι
923 1710 1017 1737 nam
1041 1698 1262 1750 cogitanti,
1292 1699 1362 1750 qui
1386 1698 1712 1743 deridiculicausa
1732 1716 1780 1744 o-

8 1747 235 1805 ¹scripfitque
259 1753 376 1792 initio
409 1751 570 1792 secundi
594 1752 691 1791 belli
717 1753 878 1793 Punici,
925 1753 1034 1791 mnia
1048 1753 1376 1805 exaggerat‚mira
1388 1765 1472 1791 non
1486 1753 1782 1801 videbitur,haec

15 1806 168 1842 circiter
179 1818 330 1845 annum
348 1811 388 1845 V.
403 1809 440 1843 C.
463 1818 502 1850 53
515 1819 546 1850 5·
563 1807 742 1845 Primum
759 1806 880 1844 horo-
903 1822 906 1869 ᾗ
926 1805 974 1844 de
987 1805 1164 1858 pluribus
1177 1805 1401 1857 horologiis
1411 1806 1663 1859 conquestio,
1685 1823 1782 1854 cum

18 1858 175 1910 logium
201 1859 397 1901 Romaein
408 1857 499 1899 foro
510 1856 686 1912 pofitum
700 1856 776 1898 effe
786 1871 881 1898 con-
903 1861 1092 1901 iunicum
1103 1868 1264 1899 tantum
1276 1857 1369 1899 effet
1386 1861 1430 1900 in
1441 1860 1549 1901 urbe.
1574 1863 1692 1903 Salm.

857 1967 895 2032 †

513 2069 743 2114 CAEcus
786 2066 875 2114 five
913 2070 1290 2115 Pnffinonxzs.

99 2182 252 2308 N
270 2189 290 2240 1
307 2186 362 2238 H
379 2189 400 2241 Ι
417 2186 461 2241 L
486 2187 758 2261 quicquam
772 2183 960 2241 factum
976 2183 1064 2240 nisi
1082 2185 1219 2240 fabre
1232 2225 1247 2249 ‚
1285 2145 1402 2240 uec-

263 2265 532 2340 quicquam
548 2262 769 2339 positum
787 2261 890 2318 fine
907 2262 1023 2318 luco
1044 2305 1060 2326 ,
1097 2282 1221 2317 auro
1237 2303 1252 2325 ,
1293 2262 1478 2330 ebore,
1516 2285 1589 2322 at-

120 2357 295 2413 gento,
313 2359 526 2416 purpura
541 2381 555 2403 ,
582 2342 814 2417 picturis,
837 2338 999 2416 spoliis
1014 2381 1030 2406 ,
1060 2358 1172 2396 tum
1188 2340 1367 2400 statuis,

118 2430 308 2501 Neque
325 2449 441 2486 eam
460 2429 487 2485 ὲ
500 2449 584 2486 me
596 2432 755 2488 invito
771 2452 999 2508 unquam
1019 2430 1251 2510 abduces,

70 2538 99 2593 5
124 2520 345 2595 Spedlari
375 2522 520 2578 ludos
532 2521 801 2601 magnifice
813 2540 963 2602 atque
977 2524 1259 2601 opulenter.

122 2610 336 2687 Peregre
371 2611 451 2666 est.

124 2704 271 2762 Plure
283 2705 438 2761 altero
451 2724 591 2765 tanto
607 2749 624 2775 ‚
662 2727 859 2787 quanto
874 2714 976 2786 ejus
990 2708 1176 2767 fundus
1192 2710 1262 2767 est
1276 2750 1293 2776 ,
1333 2711 1498 2769 velim.

124 2800 199 2852 Ita
212 2800 319 2856 sunt
331 2800 590 2877 praedones
602 2842 617 2867 ,
659 2802 886 2880 prorsum
901 2822 1110 2881 parcunt
1121 2807 1335 2864 nemini.

128 2895 299 2968 Velim
314 2913 363 2950 te
374 2891 594 2949 arbitrari
606 2894 810 2953 facium.
819 2899 885 2955 R.
898 2898 1122 2959 sedulum
1139 2898 1222 2956 est:
1235 2896 1597 2959 submoventur
1610 2900 1792 2968 hostes

336 2988 659 3030 removentur
673 2971 871 3050 lapides·

1734 3057 1788 3116 Si
