2005 3686
479 142 915 200 Acruslv.
979 138 1389 200 SCEN‘AH.
1653 163 1758 218 493

109 233 294 293 Dicam
310 228 373 286 ab
389 248 453 284 eo
468 228 683 286 homine
700 249 784 285 me
796 227 1027 306 accepiffe
1043 269 1060 294 ,
1098 247 1256 305 quem
1270 243 1368 305 ego
1380 270 1396 294 ‚
1409 227 1497 304 qui
1511 226 1569 286 fit
1587 229 1770 303 houm,

328 305 492 362 nescio
510 348 527 371 ,

112 390 297 461 Neque
310 385 458 440 novi:
495 404 662 462 neque
675 403 843 448 nattiS,
876 404 1037 440 necne
1049 385 1087 439 is
1103 383 1246 439 fuerit
1263 423 1278 447 ,
1310 383 1360 439 id
1375 383 1527 439 solide
1539 384 1656 445 scio·

111 465 159 520 C
166 482 220 520 H.
235 463 325 518 Pol
342 462 422 516 hic
434 464 642 537 quidem
659 463 872 538 fungino
885 481 1068 537 genere
1081 462 1176 525 est,
1215 463 1373 538 capite
1387 461 1429 517 se
1441 480 1608 520 totum
1625 460 1773 545 tegit:

33 561 52 595 1
64 561 96 598 0
110 540 296 596 Illurica
309 539 451 595 facies
463 541 653 597 videtur
669 540 895 596 hominis
919 562 933 605 3
949 558 1011 593 eo
1028 558 1210 595 ornatu
1224 541 1437 596 advenit.

110 621 192 675 SY.
204 619 290 673 Ille
305 621 390 692 qui
404 638 487 673 me
498 620 742 675 conduxit
757 656 772 680 ,
796 616 1142 672 ubiconduxit
1159 655 1174 679 ,
1214 617 1424 673 abduxit
1437 619 1671 677 domum.

108 699 249 770 Qae
266 695 425 751 voluit
437 736 453 759 ,
496 697 623 751 mihi
637 698 786 751 dixit:
817 695 989 749 docuit
1006 734 1021 757 ‚
1047 699 1102 750 &
1115 695 1510 769 praemonstravit
1523 700 1657 774 prius
1668 742 1685 764 ,

111 776 406 843 Quomodo
418 776 635 850 quicque
649 791 865 850 agerem.
903 792 1039 827 nnnc
1051 778 1178 827 adeo
1191 812 1204 835 ‚
1229 769 1263 827 fi
1280 774 1404 849 quid
1419 794 1517 850 ego
1531 779 1773 838 addidero

328 850 537 927 amplius
550 893 566 916 ,

108 930 185 984 Eo
197 929 482 984 conductor
496 928 672 985 melius
684 930 745 984 de
763 946 846 984 me
863 947 1018 1005 nugas
1032 928 1382 983 conciliaverit.

28 1023 84 1078 ¹5
109 1008 189 1065 Ur
212 1006 291 1061 ille
316 1027 401 1061 me
424 1009 713 1067 exornavit,
774 1009 840 1063 ita
865 1004 970 1061 sum
999 1025 1217 1062 ornatus.
1258 1007 1370 1061 AR
1388 1009 1434 1061 G
1452 1008 1691 1072 ENTU
1707 1017 1772 1072 M

308 1087 362 1138 H
383 1086 436 1139 O
459 1085 507 1140 C
550 1089 584 1139 F
600 1087 650 1139 A
665 1084 712 1139 C
728 1089 749 1139 1
764 1085 832 1139 T.

103 1161 209 1236 Ipse
225 1179 524 1217 ornamenta
537 1163 564 1217 *a
580 1162 828 1238 Chorago
844 1160 949 1217 haec
962 1158 1163 1238 sumpfir
1175 1158 1262 1217 suo
1276 1162 1517 1238 periculo.

103 1240 263 1293 Nunc
275 1258 371 1314 ego
384 1238 416 1293 fi
433 1259 613 1316 potero
626 1241 937 1295 ornamentis
955 1239 1222 1294 hominem
1244 1243 1641 1310 circumducere,

100 1317 256 1372 Dabo
271 1336 477 1392 operam
495 1339 506 1373 :
523 1336 578 1373 ut
592 1338 676 1372 me
693 1316 789 1372 effe
801 1316 959 1392 ipsum
976 1314 1123 1392 plane
1139 1315 1496 1394 sycophantam
1515 1317 1702 1383 sentiat.

106 1393 766 1472 CH.Qa1nmagisspe6to
784 1435 801 1459 ,
840 1397 1006 1455 minus
1033 1394 1191 1471 placet
1224 1396 1354 1451 mihi
1371 1396 1596 1454 hominis
1610 1400 1773 1463 facies.

323 1474 446 1527 mira
458 1473 567 1529 sunt
579 1512 594 1537 ‚

17 1563 87 1601 20
105 1547 180 1602 Ni
194 1546 290 1603 illic
302 1548 520 1605 homo’st
531 1567 614 1607 aut
630 1549 932 1606 dormitator
946 1589 960 1613 ‚
1000 1568 1084 1606 aut
1095 1547 1254 1605 festor
1266 1552 1514 1608 zonarum.

101 1628 241 1680 Loca
256 1626 564 1703 contemplat
578 1669 594 1693 ,
618 1625 995 1702 circumspectat
1008 1625 1099 1682 sese
1113 1668 1126 1690 ,
1154 1648 1305 1704 atque
1318 1629 1434 1684 aedis
1450 1630 1670 1689 noscitat.

102 1703 275 1759 Credo
289 1705 501 1781 edepol,
528 1727 634 1783 quo
652 1726 780 1766 mox
796 1703 1016 1761 furatum
1029 1709 1193 1762 veniat
1207 1746 1221 1769 ,
1254 1706 1468 1783 specula·
1515 1708 1772 1782 ῃῖᾕζὼξζζξηῖῗο

322 1782 519 1838 turloca
535 1824 550 1848 ,

101 1858 266 1933 Magis
285 1858 518 1914 lubido’st
532 1859 786 1916 observare
799 1906 813 1926 ,
839 1861 960 1936 quid
973 1879 1108 1934 agat:
1146 1863 1193 1919 ei
1209 1864 1494 1938 reioperam
1514 1861 1667 1920 dabo,

101 1936 184 1990 Si.
202 1938 306 1989 Has
323 1940 552 2012 regiones
564 1939 917 1993 demonstravit
930 1939 1057 1991 mihi
1072 1939 1152 1993 ille
1170 1941 1453 1996 conductor
1471 1962 1641 1997 meus:

18 2032 79 2087 25
107 2015 256 2089 Apud
270 2014 371 2069 illas
386 2016 501 2070 aedis
516 2015 736 2071 listendae
755 2016 883 2069 mihi
896 2013 1007 2069 sunt
1024 2014 1368 2090 sycophantiae.

101 2094 247 2148 Fores
261 2092 486 2168 pultabo,
524 2095 630 2150 CH.
646 2093 705 2148 ad
721 2093 907 2148 nostras
919 2094 1047 2148 aedes
1068 2094 1149 2148 hic
1171 2095 1380 2170 quidem
1400 2094 1552 2150 habet
1576 2095 1767 2151 rectam

324 2189 470 2227 Viam.

100 2247 286 2302 Hercle
302 2249 489 2323 opinor
503 2250 631 2306 mihi
642 2249 925 2304 advenienti
940 2250 1035 2306 hac
1051 2249 1214 2305 noctu
1241 2238 1532 2327 agitandum
1564 2246 1632 2303 est
1648 2248 1768 2325 vigi-

323 2326 422 2382 lias,

103 2403 186 2458 Si.
200 2400 403 2479 Aperite
421 2405 541 2469 hoc,
557 2404 899 2482 aperite.heusl
921 2408 1091 2483 ecquis
1105 2405 1181 2462 his
1194 2404 1386 2463 foribus
1397 2403 1603 2538 tutglam
1621 2404 1765 2534 ger-iit?

1525 2502 1578 2537 H.
1593 2486 1700 2556 Qi
1751 2520 1768 2544 ‚

70 2597 109 2627 9.
142 2588 298 2636 fungino
301 2601 424 2639 genere
434 2588 514 2643 est.]
531 2590 645 2641 fungi
657 2589 759 2629 nihil
772 2589 861 2630 sunt
883 2621 884 2635 2
908 2590 995 2629 lum
1017 2587 1141 2643 ipsum
1155 2617 1168 2632 ‚
1193 2603 1262 2641 pto
1276 2603 1360 2643 quo
1381 2590 1428 2629 fit
1439 2599 1675 2636 exornatus;
1695 2601 1761 2629 ve-

20 2636 126 2676 aliud
141 2637 360 2691 fere,quam
372 2655 496 2696 caput.
524 2644 761 2697 Respexitad
775 2658 864 2684 cau·
883 2656 885 2680 2
911 2657 999 2683 rum
1012 2670 1022 2684 ‚
1056 2658 1139 2684 non
1152 2644 1305 2684 fistum.
1329 2644 1531 2682 Taubman.

21 2689 116 2728 fiam
129 2689 371 2744 seupetasum
387 2711 532 2750 ‚quem
544 2699 857 2751 capitegestabat.
883 2700 886 2724 ἕ
965 2713 1026 2737 20.
1052 2700 1317 2750 Dormirator]
1349 2702 1392 2737 1d
1404 2697 1476 2739 est,
1497 2697 1574 2737 fur.
1605 2701 1762 2752 Qm·

23 2744 190 2782 Lambin·
883 2725 886 2806 l
907 2752 1129 2792 admodum
1155 2755 1194 2791 &
1217 2753 1409 2792 Hesiodus
1441 2751 1683 2805 ᾗμεᾷόκειπν
1695 2752 1762 2792 fu.-

82 2811 142 2839 14-
163 2802 208 2835 Eo
220 2801 396 2839 conduaor
418 2805 559 2842 melius.
577 2803 597 2857 ]
629 2805 666 2844 Si
680 2818 743 2850 ea,
778 2818 863 2857 quae
884 2819 886 2851 ῑ
907 2819 988 2845 rem
1010 2807 1198 2858 appellat:
1227 2807 1338 2860 quod
1359 2807 1529 2845 interdiu
1552 2807 1724 2846 dormiat
1744 2831 1759 2848 .-

24 2849 164 2890 doctus
177 2852 259 2890 sum
275 2880 286 2896 ‚
311 2858 557 2907 expolivero,
584 2869 699 2898 tanto
721 2862 865 2899 melius
884 2864 887 2930 1
908 2860 1031 2899 notitu
1045 2861 1202 2911 evigilet
1214 2862 1259 2899 ad
1281 2860 1510 2900 furandum.
1536 2859 1690 2897 Turneb.

21 2907 239 2944 conduaot
253 2919 340 2945 mea
361 2921 474 2959 opera
501 2924 583 2951 rem
612 2915 861 2965 nugatoriam
884 2931 887 2954 ι
958 2913 1417 2965 21.‘Ix{ostitat.‘lNoscere
1428 2914 1762 2966 conatur,explot.

22 2957 247 2997 confecerit.
274 2961 442 2999 Lambin.
884 2955 887 2992 Ῑ
910 2970 1017 3007 V.N.
1033 2967 1180 3019 Amph.
1195 2964 1266 3006 εξὶ.
1283 2965 1377 3007 2-sc.
1395 2982 1429 3006 2.
1443 2968 1482 3005 ὃ(
1497 2967 1647 3006 Sticho.
1666 2980 1700 3004 z.
1722 2978 1758 3004 1.

81 3020 140 3050 16.
154 3019 202 3052 ,A
217 3014 404 3066 Chorago]
421 3018 522 3053 V.N.
535 3018 755 3063 Cur.a&.4.
771 3018 840 3058 sc.1
852 3044 860 3053 ·
966 3029 1029 3058 28.
1064 3019 1206 3059 foribus
1220 3018 1516 3072 tutelamgerit]
1532 3021 1762 3069 Alloquitut

75 3071 138 3105 18.
166 3072 221 3104 vt
231 3081 286 3106 me
301 3067 362 3115 effe}
380 3067 546 3123 ipsum]
581 3073 650 3112 Ait
668 3070 704 3113 se
717 3071 801 3114 fore
814 3074 862 3115 il·
913 3074 1108 3125 ostiarium
1122 3099 1134 3116 ‚
1157 3076 1250 3128 qui,
1266 3085 1309 3116 ut
1319 3076 1373 3116 ait
1398 3073 1518 3115 ovid.
1543 3073 1683 3125 egreffm
1704 3076 1762 3110 in-

1674 3128 1760 3165 mi-
