2064 3718
287 103 409 183 1318

692 102 1075 165 Paorocus
1124 107 1201 166 xri
1250 107 1660 190 pomarum:

413 197 556 259 Cave
569 199 883 277 dirumparis:
909 197 1076 275 quaeso
1092 238 1109 263 ‚
1138 198 1281 257 finite
1298 201 1511 281 transigi.

412 276 582 334 Ehem
596 293 614 336 Ξ
647 297 790 356 paene
805 276 991 332 oblitus
1006 272 1113 332 sum
1130 277 1385 353 reliquom
1399 281 1577 342 dicere.

413 355 502 412 Ille
515 357 603 432 qui
616 355 868 432 adoptavit
878 353 1018 410 hunc
1032 373 1126 429 pro
1140 351 1247 410 filio
1260 354 1352 412 fibi
1374 397 1393 422 ‚

288 434 322 503 fr
335 450 403 490 20
418 435 465 488 Is
479 432 550 489 illi
563 435 726 490 Poeno
743 430 943 507 hujusce
955 433 1080 507 patri
1097 430 1275 508 hospes
1289 432 1397 491 fuit.

414 515 462 566 Is
474 510 628 566 hodie
645 511 743 566 huc
759 509 924 565 veniet
942 548 958 572 ‚
982 510 1294 586 reperietque
1307 510 1391 567 hic
1406 510 1556 571 filias:

412 590 477 644 Et
488 587 625 642 hunc
638 584 707 644 sui
720 586 876 642 fratris
890 585 1051 643 filium
1065 627 1081 651 ‚
1112 605 1167 643 ut
1179 589 1389 663 quidem
1407 590 1554 647 didici
1570 595 1687 670 egoi

412 666 524 740 Ego
536 665 631 720 ibo
652 701 670 727 ‚
711 663 965 723 ornabor:
991 685 1081 723 vos
1091 685 1239 741 aequo
1253 667 1428 722 animo
1439 666 1641 726 noscite.

412 742 518 796 Hic
533 742 621 816 qui
636 739 793 797 hodie
806 743 973 799 veniet
983 784 1001 810 ,
1026 743 1236 820 reperiet
1249 741 1352 800 suas
1364 742 1484 800 filias
1498 785 1516 810 ‚

284 822 314 891 ji
326 838 355 872 2,
361 839 390 894 5
409 819 470 872 Et
482 817 618 873 hunc
628 817 696 873 sui
709 818 867 876 fratris
880 819 1056 877 filium.
1082 821 1270 879 dehinc
1283 839 1521 879 caeterum

409 894 583 951 Valere
597 935 613 960 ,
640 896 815 954 adeste.
839 897 958 954 ibo:
984 898 1104 954 alius
1119 919 1255 954 nunc
1269 898 1376 956 ficri
1389 901 1530 957 volo,

406 973 582 1047 Qod
593 973 736 1031 restat
749 1014 765 1038 ‚
785 975 965 1031 restant
976 977 1083 1041 alii,
1107 978 1197 1053 qui
1209 975 1388 1034 faciant
1398 976 1584 1054 palam.

403 1050 581 1107 Valere
596 1091 613 1117 ‚
633 1068 782 1129 atque
793 1055 869 1132 adj
878 1072 1019 1112 uvare
1032 1095 1050 1120 ,
1076 1071 1131 1112 ut
1145 1074 1235 1111 vos
1247 1052 1400 1113 [etvet
1411 1054 1566 1113 Salus.

276 1179 440 1228 reflem3
467 1182 1134 1230 &tamdiutrahebant‚donecaut
1182 1184 1286 1226 nihil
1299 1184 1448 1227 facitad
1460 1187 1500 1228 id
1518 1214 1531 1234 ,
1559 1199 1643 1241 quo
1661 1186 1711 1228 de
1735 1187 1937 1242 agebatur,
1968 1188 2046 1240 sed,

275 1247 531 1288 rumperent3
560 1238 842 1284 autaltetuter,
864 1239 1004 1282 omissa
1024 1240 1134 1284 funis
1183 1240 1297 1288 iocus
1324 1242 1446 1282 etiam
1480 1242 1534 1282 est
1553 1268 1566 1288 ,
1599 1245 1745 1294 petitus
1767 1255 1816 1282 ex
1852 1244 2036 1298 ambigua

276 1288 564 1341 prehenfione‚
588 1293 632 1333 in
644 1303 753 1333 nates
776 1294 940 1334 caderet.
965 1296 1130 1346 Scaliger.
1180 1292 1304 1347 phrafi
1327 1308 1402 1334 rem
1426 1306 1550 1335 tenere.
1579 1296 1678 1336 Vide
1705 1298 1762 1337 ibi
1784 1297 1935 1337 nostra:
1959 1311 2031 1338 ne.-

277 1343 324 1382 Si
332 1345 451 1382 tenetis
464 1347 592 1385 ducite.

597 1345 618 1398 ]
652 1349 845 1401 Nequein
857 1348 919 1388 his
938 1348 1064 1389 verbis
1083 1351 1137 1391 est
1181 1361 1260 1400 que
1288 1349 1399 1388 enim
1422 1351 1717 1390 intellexerunt.
1769 1353 1819 1395 Et
1843 1363 1876 1394 3.
1901 1363 1936 1396 ς.
1969 1367 2035 1397 19.

275 1395 538 1445 obstoenitas,
564 1400 750 1441 &frustra
761 1401 968 1447 laborant,
998 1413 1042 1443 ut
1052 1415 1135 1445 ver-
1182 1402 1223 1440 Si
1229 1404 1397 1456 pultem,
1429 1406 1672 1442 nonrecludet·
1703 1409 1774 1443 An.
1793 1408 1926 1443 Panem
1926 1406 2035 1455 frain-

276 1449 378 1490 bum
389 1452 830 1508 duciteaptentmateriae
841 1456 1134 1511 praesenti‚qua·
1173 1456 1265 1506 gito.
1320 1458 1435 1498 Nihil
1466 1458 1545 1498 hoc
1572 1471 1737 1512 quoque
1756 1459 1803 1497 ad
1823 1461 2033 1511 negotium

276 1503 309 1544 fi
320 1515 422 1551 oret,
437 1517 481 1546 ut
491 1519 772 1562 argumentum
787 1509 867 1549 hoc
876 1510 1074 1551 audientia
1093 1514 1134 1553 ὃν.

270 1560 463 1610 patientia
473 1561 707 1607 ducantmec
719 1564 872 1604 tinnitu
883 1565 1132 1618 abrumpant.

276 1616 390 1652 Mera
410 1613 462 1652 est
481 1617 682 1656 vernilitas
706 1618 853 1657 centies
877 1616 1051 1670 usurpata
1062 1632 1130 1660 au-

272 1666 517 1706 storixemri
527 1670 682 1714 dicitur,
692 1671 801 1722 quod
815 1673 1011 1712 memoria
1019 1685 1134 1712 com-

271 1720 579 1771 prehendimus:
600 1727 712 1761 teneri
733 1726 853 1764 etiam
872 1724 977 1766 restis
993 1752 1006 1769 ‚
1035 1739 1129 1767 cum

271 1773 443 1815 ducitur.
469 1775 531 1815 Ab
544 1776 610 1816 illa
620 1775 905 1830 significatione
918 1780 1069 1833 incipit,
1082 1782 1128 1821 ad

272 1825 379 1867 hanc
388 1827 482 1869 risus
493 1831 533 1869 &
551 1831 627 1879 ioci
642 1830 750 1870 causa
771 1832 976 1873 delabitur.
1006 1835 1126 1873 Simi-

269 1880 364 1920 liter
373 1883 416 1921 in
435 1884 529 1922 illo:
564 1886 657 1921 Cave
681 1886 897 1939 dirumparis
927 1902 941 1923 .-
969 1887 1081 1938 quod
1100 1887 1128 1925 fi

266 1934 410 1974 referas
419 1937 465 1976 ad
474 1938 592 1974 ducite
600 1963 612 1981 ‚
636 1939 758 1989 pergit
766 1938 876 1990 quafi
886 1938 935 1979 de
948 1940 1040 1979 reste
1057 1941 1122 1980 lo-

271 1998 467 2040 quaerum
483 1989 513 2029 fi
525 1991 572 2030 ad
581 1989 761 2043 sequens,
782 1991 893 2032 sonat
902 1993 1010 2045 quafi
1021 1994 1127 2033 nolit

267 2042 452 2095 abrumpi
464 2044 685 2089 astionem,
713 2055 926 2098 antequam
938 2046 1051 2087 finita
1064 2047 1124 2086 fit.

271 2097 425 2136 Simiiis
440 2096 546 2138 lusus
558 2112 573 2142 3
584 2127 594 2137 .
609 2110 642 2136 1.
658 2106 719 2142 63.
734 2102 854 2138 tenetis
863 2114 951 2139 rem.
964 2105 1039 2148 Ab.
1058 2103 1127 2140 Vix

271 2149 420 2201 qaidem
440 2153 549 2190 hercle
562 2178 575 2196 ‚
604 2153 662 2190 ita
677 2156 843 2204 pauxilla
869 2155 934 2204 est,
966 2156 1126 2208 dtgitulis

265 2204 496 2259 primoribus.
525 2205 603 2247 Ubi
620 2206 819 2259 responfio
839 2209 1127 2251 advocatorum

494 2355 803 2416 ACTUS
861 2356 1123 2413 PRIMI

707 2500 1268 2547 AGORASTOCLES‚

1179 1508 1406 1551 institutum
1429 1527 1438 1550 :
1464 1511 1527 1552 sed
1539 1514 1631 1564 quia
1643 1513 1963 1566 pultemdicitur,
1989 1515 2032 1553 δε

1178 1562 1201 1600 a
1210 1566 1380 1616 pultare,
1411 1566 1484 1604 &a
1493 1567 1580 1617 puls
1593 1592 1605 1610 ‚
1631 1566 1807 1605 ficludit.
1833 1566 1928 1604 Tale
1941 1578 1973 1603 1.
1991 1581 2033 1606 2.

1181 1616 1323 1663 tAffimz
1342 1620 1440 1673 apud
1460 1629 1494 1657 te
1512 1632 1642 1658 eccum.
1672 1624 1741 1659 Aa.
1756 1632 1815 1671 ego
1835 1619 2029 1671 elixusfis,

1179 1672 1276 1709 volo.
1308 1674 1555 1713 Gronovius.

1237 1736 1324 1771 123.
1356 1725 1526 1766 Ornabor.
1553 1725 1576 1779 ]
1628 1724 1802 1765 Induam
1827 1723 2032 1778 personam

1180 1779 1416 1824 Comicam‚
1445 1781 1486 1821 &
1507 1781 1608 1820 alius
1634 1779 1761 1820 fastus
1781 1806 1795 1825 ‚
1822 1780 1866 1819 in
1884 1780 2032 1832 prosce-

1178 1833 1292 1874 nium
1304 1833 1488 1885 prodibo.
1583 1881 1586 1883 ,

1231 1894 1321 1925 126.
1339 1888 1471 1932 Valere,
1484 1887 1584 1941 ὑεῖ]
1619 1890 1714 1928 Mos
1733 1883 1872 1926 solitus
1887 1887 2030 1936 Corni-

1176 1939 1232 1978 cis
1253 1938 1353 1979 bene
1371 1944 1513 1992 precari
1533 1937 1696 1994 publicis
1726 1952 1867 1980 eorum
1887 1940 1998 1980 rebus
2012 1967 2026 1987 ,

1176 1992 1246 2044 qui
1258 2002 1408 2033 attente
1426 1993 1547 2035 effcnt
1566 1995 1748 2036 audituri.
1776 1997 1836 2032 Ita
1855 1996 2029 2047 Prologo

1176 2044 1285 2084 Afin·
1305 2052 1361 2086 Ut
1371 2061 1439 2085 vos
1448 2050 1536 2088 item
1547 2051 1639 2088 alias
1650 2075 1662 2092 ‚
1678 2049 1814 2103 pariter
1824 2060 1912 2084 nunc
1922 2050 2030 2086 Mare

1175 2099 1344 2151 adjuvet.
1370 2101 1448 2143 Ubi
1464 2118 1523 2141 ars
1544 2117 1613 2157 pro
1625 2106 1733 2143 Mars
1754 2102 2026 2152 reponendum

1175 2152 1263 2199 effe,
1277 2154 1382 2194 male
1396 2155 1620 2197 docuimus.
1653 2160 1758 2195 Nam
1771 2158 1811 2195 ὅτ.
1824 2167 1913 2196 mea
1925 2155 2025 2209 mihi

1177 2209 1310 2249 vineta
1319 2209 1500 2252 caedenda
1510 2208 1612 2252 sunt.
1638 2212 1812 2249 Boxhorn.
1859 2259 1863 2262 ὓ
1981 2216 1985 2219 “

1191 2356 1486 2415 SCENA
1530 2355 1824 2422 PRIMA,

1318 2500 1623 2541 MILPHIO.

356 2606 438 2728 S
451 2611 580 2684 AEpe
595 2626 692 2682 ego
712 2625 789 2663 res
800 2606 980 2664 multas
991 2607 1086 2663 tibi
1101 2606 1332 2663 mandavi
1348 2647 1363 2669 ‚
1394 2605 1620 2682 Miiphio
1637 2644 1654 2670 ,

457 2685 654 2742 Dubias
671 2724 687 2748 ‚
709 2705 916 2761 egenaS,
958 2683 1208 2760 inopiosas
1219 2682 1413 2741 confiiii
1430 2723 1446 2747 ‚

355 2762 497 2837 Qas
512 2781 563 2818 tu
575 2761 812 2837 sapienter
827 2802 841 2825 ‚
871 2763 1023 2817 docte
1039 2802 1054 2825 ,
1075 2767 1130 2818 ὃς
1146 2762 1348 2817 cordate
1360 2806 1374 2829 ,
1397 2766 1453 2817 &
1469 2778 1573 2817 cate

353 2839 488 2893 Mihi
503 2839 748 2893 reddidisti
764 2841 990 2916 opiparas
1003 2840 1162 2915 opera
1174 2841 1272 2895 tua.

311 2936 337 2988 ς
355 2917 563 2990 Qibus
577 2936 669 2991 pro
683 2915 959 2972 benefao‘tis
976 2915 1134 2971 fateor
1149 2915 1316 2971 deberi
1329 2913 1420 2972 tibi

355 2995 417 3059 iit
429 2993 708 3050 libertatem
725 2999 779 3051 δε
795 2994 981 3051 multas
994 3012 1152 3071 grates
1165 2994 1360 3072 gratias,

1800 3068 1894 3124 Mi.
1907 3060 1999 3135 Sci.
