2005 3686
449 133 1286 203 Achs1.ScEn.¹t'1I.
1610 155 1722 223 2411·

60 230 137 290 Px.
149 234 310 290 Mane
322 225 602 303 pulvinum.
637 231 748 289 AN.
759 231 890 290 bene
904 254 1140 310 procuras
1154 238 1281 295 mihi
1297 261 1309 299 :
1336 234 1442 298 latis
1467 241 1532 299 fic
1544 243 1730 307 fultum

285 307 353 361 est
372 307 518 364 mihi.

60 385 136 446 Pr.
151 385 286 448 Sine,
297 401 447 460 pater.
486 387 596 442 AN.
611 387 733 463 quid
750 408 878 465 opus
893 390 961 445 est
975 405 990 447 ἓ
1031 391 1104 451 P1.
1115 413 1244 471 opus
1256 395 1340 455 est.
1390 398 1501 454 AN.
1525 420 1731 461 morem

280 463 373 517 tibi
385 482 569 536 geram.
585 483 734 542 atque
747 468 849 525 hoc
862 469 966 522 fiatis
978 468 1060 524 est.
1714 490 1716 492 ’

57 539 131 596 Pr.
162 541 284 597 Nu
303 542 357 595 N
374 543 497 621 QU
512 544 561 598 A
578 547 640 598 Μ
678 547 817 600 euim
858 548 913 602 N
932 552 952 604 Ι
970 550 1067 603 Ml
1088 551 1120 604 S
1161 569 1328 608 curare
1344 553 1545 630 poffunt
1578 557 1721 616 suum

277 639 535 694 parentem
555 620 682 678 filiae.

0 707 44 748 ’.ο
61 699 235 775 Qem
252 697 439 773 aequius
456 700 523 754 est
553 720 651 755 nos
680 700 934 776 potiorem
963 698 1178 770 habere,
1203 727 1356 782 quam
1374 724 1454 767 te?
1483 713 1733 788 postidea,

290 794 434 851 pater
448 816 464 839 ‚
883 818 886 821 ι

53 852 206 907 Viros
222 853 418 909 nostros
434 895 451 918 ‚
482 855 667 930 quibus
683 875 737 912 tu
749 855 945 914 voluisti
961 855 1057 912 effe
1074 879 1170 917 nos
1188 880 1368 919 matres
1386 863 1618 925 familias?
1635 898 1640 905 x

56 931 167 986 AN.
181 933 346 986 Bonas
362 951 416 987 ut
428 952 637 1011 aequom
657 936 726 990 est
739 935 916 999 facere,
941 935 1097 992 facitis
1125 959 1137 993 ε
1177 960 1295 996 cum
1318 960 1485 999 tamen
1513 944 1736 1006 absentes

287 1029 422 1065 viros

53 1085 270 1143 Perinde
283 1085 474 1144 habetis
488 1131 505 1159 ‚
533 1089 672 1165 quafi
698 1088 956 1168 praesentes
981 1088 1090 1153 sint.
1145 1097 1222 1153 ΡΙ.
1260 1099 1298 1154 P
1314 1100 1369 1158 U
1382 1101 1431 1157 D
1446 1104 1466 1156 1
1483 1101 1529 1157 C
1544 1107 1566 1157 1
1580 1104 1630 1160 T
1647 1108 1667 1160 I
1683 1104 1736 1161 A

120 1220 122 1223 ,
293 1165 362 1220 est
390 1205 406 1228 ‚
446 1185 583 1242 pater
596 1218 610 1237 ‚

56 1243 156 1297 Eos
198 1243 709 1303 MAGNlFICARE
725 1289 740 1312 ‚
777 1248 865 1323 qui
882 1269 979 1304 nos
993 1248 1147 1306 socias
1164 1247 1473 1326 sumpserunt
1486 1255 1592 1313 fibi.

0 1335 31 1383 -5
59 1323 165 1376 AN.
182 1322 426 1396 Nunquis
438 1323 518 1380 hic
532 1325 602 1379 est
615 1325 801 1380 alienus
811 1326 990 1382 nostris
1006 1328 1149 1385 dietis
1164 1349 1341 1405 auceps
1355 1335 1555 1390 auribus
1567 1352 1587 1392 '?

50 1400 149 1454 PA.
166 1400 220 1453 N
225 1398 367 1461 ulluS,
385 1416 559 1474 praeter
569 1400 761 1478 nosque
776 1419 945 1480 teque.
982 1408 1091 1463 AN.
1108 1407 1331 1464 vostrum
1345 1413 1576 1468 animum
1591 1411 1731 1466 adhi-

275 1475 380 1530 beri
391 1476 528 1535 volo,
1189 1515 1193 1518 «

49 1550 110 1607 N
112 1570 189 1605 am
206 1571 303 1626 ego
318 1555 380 1608 ad
394 1574 485 1609 vos
498 1576 637 1627 nunc
649 1556 909 1631 imperitus
922 1576 1108 1624 rerum,
1131 1565 1189 1618 δε
1204 1581 1411 1620 morum
1437 1568 1705 1624 mulierum
1721 1608 1742 1632 ,

50 1629 494 1706 Discipulusvenio
506 1637 568 1689 ad
580 1635 851 1710 magistraS.
876 1638 1059 1710 quibus
1074 1658 1331 1697 matronas
1359 1646 1587 1702 moribus
1600 1688 1615 1709 ,

53 1711 186 1786 Qae
199 1725 423 1784 optumae
439 1709 547 1770 sunt
559 1751 589 1776 „
607 1712 701 1768 esse
715 1731 919 1790 oportet
937 1731 952 1773 Ξ
991 1714 1070 1772 sed
1086 1736 1292 1795 utraque
1306 1740 1361 1778 ut
1377 1724 1506 1779 dicar
1518 1726 1666 1780 mihi.

0 1788 37 1852 lo
53 1783 147 1840 Ρ-Α.
161 1786 304 1863 Qid
316 1787 437 1844 istuc
460 1789 528 1849 est
541 1831 557 1854 ‚
606 1791 751 1864 quod
776 1791 878 1848 huc
906 1794 1236 1870 exquaefitum
1266 1798 1536 1857 mulierum
1565 1820 1735 1861 mores

251 1895 254 1897 ·
272 1882 411 1919 venis
429 1875 445 1921 ἒ
948 1907 957 1913 -
1182 1885 1186 1889 ’
1272 1903 1276 1908 ’

50 1936 161 2005 AN.
192 1938 285 1995 Pol
299 1960 397 2017 ego
412 1961 627 1998 uxorem
644 1961 845 2020 quaem,
875 1945 1146 2023 postquam
1159 1953 1320 2009 vostra
1346 1974 1505 2013 mater
1532 1954 1735 2018 mortua.

276 2038 304 2073 e
348 2061 361 2074 .
628 2064 630 2066 ,
767 2067 785 2073 ,.

54 2094 150 2150 ΡΑ.
162 2095 545 2154 Facileinvenies
568 2104 623 2166 ὃς
636 2105 861 2176 pejorem
879 2104 932 2155 δε
945 2104 1087 2176 pejus
1100 2125 1364 2173 moratam,
1378 2129 1543 2185 pater,

59 2175 235 2243 Quam
250 2171 330 2229 illa
342 2174 457 2231 fuit:
474 2176 738 2232 meliorem
754 2199 921 2254 neque
937 2196 991 2234 tu
1009 2187 1236 2257 reperies,
1249 2208 1417 2263 neque
1443 2190 1531 2245 Sol
1548 2193 1697 2250 vider.
1714 2209 1716 2211 ’

54 2252 167 2312 AN·
198 2255 272 2308 At
284 2271 381 2329 ego
395 2273 457 2308 ex
472 2269 520 2309 re
534 2257 768 2332 exquiro,
794 2275 945 2333 atque
963 2277 1026 2314 ex
1046 2261 1159 2318 istac
1177 2280 1260 2319 tua
1290 2263 1474 2325 sorore.
1514 2270 1585 2326 1³1.
1616 2274 1734 2329 ede-

190 2371 193 2375 .
271 2330 386 2405 pol,
427 2349 565 2407 pater
580 2373 594 2394 ‚
656 2338 687 2355 ²

53 2403 186 2468 Scio,
203 2422 258 2460 ut
270 2425 476 2482 oportet
491 2409 602 2481 effe,
617 2410 652 2468 fi
671 2409 766 2467 fint
777 2412 858 2477 ita,
872 2428 927 2468 ut
938 2433 1035 2490 ego
1049 2437 1251 2493 aequum
1269 2420 1464 2480 censeo,

54 2481 167 2537 AN.
185 2483 325 2539 Volo·
340 2482 454 2547 scire
469 2504 589 2564 ergo
604 2529 622 2556 ‚
638 2507 693 2555 ut
706 2509 911 2566 aequum
923 2495 1101 2550 censes.
1142 2498 1217 2556 ΡΙ.
1245 2518 1299 2555 ut
1314 2521 1402 2578 per
1417 2501 1597 2563 urbem
1612 2525 1729 2602 cum

280 2564 542 2621 ambulent
556 2606 573 2629 ‚
1098 2578 1103 2586 '
1709 2604 1714 2635 ι

49 2634 311 2697 Omnibus
324 2661 381 2696 os
396 2643 666 2710 obturent,
718 2665 784 2702 ne
798 2647 909 2725 quis
925 2650 1108 2709 merito
1127 2653 1390 2715 maledicat
1404 2660 1511 2719 fibi.
1589 2653 1593 2656 ’
1706 2640 1713 2698 Ῑ

1504 2739 1613 2796 ΑΝ.
1628 2740 1730 2797 Dic

866 2870 914 2909 V.
931 2871 984 2908 N·
1021 2864 1231 2913 Pseud.ast
1264 2886 1356 2919 4.1.
1385 2876 1425 2915 &
1447 2878 1598 2918 Cistell.
1627 2891 1661 2918 1.
1692 2893 1726 2918 1.

920 2926 1028 2976 Qia
1041 2941 1098 2963 me
1106 2929 1216 2978 colifis
1230 2928 1273 2966 Θ·
1284 2933 1538 2982 magnffacitis.

922 2990 981 3024 57.
1020 2979 1190 3018 omnibus
1214 2983 1288 3035 os.]
1327 2989 1437 3025 Talis
1460 2985 1508 3024 fit
1534 2988 1722 3038 omnium

865 3028 970 3072 deiis
981 3033 1289 3088 existimatio‚ut
1303 3051 1425 3078 nemo
1449 3042 1503 3078 eis
1517 3041 1724 3079 maledice·

863 3096 901 3126 re
914 3086 1420 3141 meritopoffitvelaudeat-
1448 3093 1580 3133 Lamb-
1642 3146 1662 3186 b
1696 3140 1729 3202 J

1504 3161 1569 3195 59.
1602 3151 1639 3185 U
1663 3149 1690 3187 i.
1735 3155 1744 3158 “

25 2859 43 2891 3
53 2861 90 2898 7.
120 2852 171 2889 M
172 2866 236 2889 ane
242 2856 310 2908 pul
316 2856 478 2914 vinum]
508 2860 684 2916 Exspefflt
696 2864 822 2919 pulvi-

28 2916 67 2942 m
79 2906 148 2956 qui
159 2903 408 2959 supponatur.

19 2970 83 3002 41.
104 2960 362 3016 Matrqsfam]
397 2966 506 3019 Qid
518 2969 703 3016 Matrona,
723 2973 821 3028 quid

15 3012 185 3059 aterfaem.
213 3016 513 3070 docetAgellius
524 3022 592 3061 lib.
616 3032 669 3062 18.
693 3034 732 3063 6.

14 3076 79 3124 44.
112 3067 403 3125 Magmficare.]
432 3077 505 3114 Pro
526 3077 817 3129 magnifacere.
