2005 3686
161 105 351 179 -382
816 108 1421 170 PoENULus..

315 204 411 259 LY.
422 203 572 278 Qid
587 201 680 257 tibi
696 218 899 255 mecum
914 217 1082 257 autem
1104 217 1121 260 ?
1160 207 1271 260 HA.
1286 206 1404 281 quia
1419 203 1560 264 haste
1569 210 1650 287 ajo
1663 203 1860 271 liberas*

315 279 659 353 Ingenuasque
671 276 764 332 esse
778 275 901 333 filias
912 278 1081 334 ambas
1097 299 1232 337 meas
1244 321 1261 346 ‚
1454 354 1460 358 .

322 361 453 437 Qae
469 355 575 411 sunt
589 354 618 409 s
608 373 812 429 urreptae
827 373 943 408 cum
959 360 1150 413 nutrice
1166 357 1393 434 parvolae.

244 435 410 489 IOLY.
420 433 726 511 jampridem
744 434 982 508 equidem
997 435 1119 490 istuc
1133 434 1270 500 scivi,
1299 439 1572 496 &miratus
1589 439 1693 507 fui,

319 512 603 565 Neminem
617 511 783 563 venire
804 553 817 571 ‚
844 510 932 584 qui
948 511 1055 566 istas
1072 511 1296 570 affereret
1310 535 1477 571 manu·

318 590 454 641 Meae
469 584 674 660 quidem
687 585 919 662 profesto
935 610 1043 644 non
1056 587 1178 647 sunt.
1229 594 1337 647 AN.
1352 595 1516 658 Leno,
1533 595 1585 650 in
1596 601 1672 673 jus
1686 617 1781 655 eaS.
1813 605 1817 608 “

314 665 409 718 LY.
421 667 505 718 De
519 665 728 738 prandio
744 683 796 719 tu
813 666 952 720 dicis:
975 667 1186 724 debetur
1201 709 1216 735 ‚
1242 670 1394 726 dabo,

314 740 665 817 AG.Duplum
679 762 772 818 pro
787 741 920 798 furto
937 744 1065 799 mihi
1079 766 1205 822 opus
1222 747 1311 801 est.‘
1340 750 1432 803 LY.
1450 745 1585 804 sume
1605 751 1727 806 hinc
1751 751 1984 826 quiderm

239 829 259 863 Ι
271 829 297 882 5
316 819 425 873 HA.
449 821 508 873 Et
524 817 649 873 mihi
659 819 902 896 suppliciis
914 821 1100 879 multis,
1133 826 1226 880 LY.
1241 823 1377 880 sume
1390 826 1507 879 hinc
1520 827 1639 901 quid
1661 828 1812 886 lubet.

201 906 207 917 “
314 898 427 951 ΑΝ.
446 899 502 950 Et
520 895 645 950 mihi
660 898 871 971 quidem
891 899 1030 953 mina
1046 903 1250 976 argenti.
1286 901 1531 959 Lumine
1548 905 1666 960 hinc
1680 908 1804 983 quid
1827 906 1984 964 lubet.

312 972 471 1028 Collo
487 992 594 1028 rem
609 969 792 1029 solvam
808 981 909 1050 jam
925 978 1166 1033 omnibus
1181 1019 1196 1042 ,
1226 980 1362 1055 quasi
1378 978 1580 1054 bajolus.

311 1053 420 1107 Ae.
440 1053 494 1107 N
500 1052 691 1127 unquid
707 1052 890 1108 recusas
908 1073 1081 1111 contra
1096 1076 1182 1112 me
1200 1071 1216 1114 Ξ
1255 1060 1350 1115 Lx.
1364 1060 1447 1113 ad·
1678 1061 1983 1138 {fiss‘gffigssfflvffi

534 1127 732 1184 vorsum
750 1133 975 1205 quidem.

312 1205 417 1261 AG.
430 1209 501 1261 lte
518 1207 663 1283 igitur
675 1209 808 1262 intro
825 1209 1067 1267 mulieres.
1092 1209 1174 1266 sed
1199 1228 1371 1289 patrue
1383 1213 1454 1268 mi
1469 1252 1487 1277 ,

197 1354 199 1358 ι
226 1290 297 1329 20
313 1283 484 1338 Tuam
499 1324 513 1347 ‚
541 1300 595 1339 ut
611 1285 799 1349 dixisti,
832 1288 958 1341 mihi
970 1287 1222 1363 desponde
1253 1288 1423 1347 filiam.

306 1363 419 1417 HA.
439 1362 588 1417 Haud
606 1360 743 1418 aliter
756 1363 929 1421 ausim.
971 1369 1080 1422 AN,
1096 1365 1227 1423 bene
1243 1367 1364 1425 vale.
1401 1370 1506 1424 AG.
1519 1372 1572 1424 &
1589 1386 1643 1425 tu
1661 1369 1794 1428 bene
1809 1369 1931 1431 vale.

307 1441 399 1495 AN
409 1483 420 1495 .
435 1443 579 1495 Leno
598 1438 611 1496 l
640 1441 980 1498 arrhabonem
994 1444 1095 1499 hoc
1107 1464 1201 1520 pro
1214 1448 1353 1501 mina
1372 1465 1573 1502 mecum
1583 1447 1709 1505 fero,

310 1519 407 1574 LY.
422 1519 548 1574 Perii
561 1517 722 1574 hercle
739 1517 751 1576 l
794 1520 1076 1577 AG.immo
1092 1522 1224 1577 haud
1241 1521 1404 1579 multo
1420 1523 1531 1601 post
1545 1566 1563 1591 ,

534 1615 652 1651 cum
667 1597 719 1651 in
733 1602 808 1671 jus
825 1600 1030 1654 veneris,
1766 1599 1976 1669 fflffissssffiffs'f‘

211 1735 215 1738 Ι
310 1671 406 1727 LY.
423 1672 565 1747 Qin
582 1691 787 1749 egomet
802 1674 890 1730 tibi
909 1696 992 1731 me
1006 1676 1199 1732 addico,
1248 1678 1371 1754 quid
1385 1678 1597 1734 Praetore
1614 1697 1740 1755 opus
1753 1679 1854 1734 est?

227 1762 293 1818 25
313 1751 507 1803 Verum
521 1751 730 1806 obsecro
742 1770 792 1807 te
807 1792 824 1816 ,
847 1771 900 1808 ut
911 1752 1049 1809 liceat
1065 1753 1302 1831 simplum
1315 1755 1513 1811 solvere.

310 1826 591 1884 Trecentos
608 1828 865 1904 Philippos
879 1871 895 1894 ‚
928 1832 1077 1887 credo
1094 1871 1108 1895 ,
1144 1834 1336 1887 corradi
1354 1833 1544 1909 potest:

306 1902 434 1958 Cras
445 1906 736 1961 aristionem
754 1907 930 1962 faciam
942 1950 953 1963 .
990 1912 1097 1965 AG.
1112 1907 1340 1987 tantisper
1355 1911 1566 1986 quidem
1592 1947 1609 1973 ,

302 1980 381 2038 Ut
398 1979 456 2036 fis
468 1985 598 2059 apud
615 2003 699 2038 me
712 1982 875 2060 lignea
890 1988 940 2041 in
956 1986 1191 2042 custodia.
1434 2007 1436 2009 ’
1966 2054 1969 2058 ,

301 2059 397 2113 LY.
413 2063 526 2116 Fiat.
566 2062 673 2117 AG.
692 2058 895 2139 sequere
910 2064 1043 2119 intro
1058 2105 1072 2128 ,
1105 2082 1274 2139 patrue
1286 2065 1356 2119 mi
1373 2104 1387 2128 ,
1409 2083 1463 2121 ut
1478 2064 1615 2119 hunc
1637 2062 1817 2119 festum
1835 2064 1971 2138 diem

222 2149 290 2201 30
306 2137 598 2194 Habeamus
612 2141 819 2195 hilarem
838 2181 852 2203 ,
878 2141 1021 2218 hujus
1033 2142 1169 2197 malo
1185 2183 1199 2205 ‚
1228 2147 1281 2198 δε
1294 2144 1471 2200 nostro
1484 2144 1645 2200 bono-

303 2216 532 2271 Multum
557 2217 709 2273 valete
726 2239 737 2273 ε
770 2218 923 2274 multa
937 2220 1085 2274 verba
1111 2220 1336 2276 fecimus,

301 2292 503 2348 Malum
520 2295 777 2370 postremo
799 2297 901 2352 hoc
912 2317 1072 2353 omne
1088 2300 1147 2353 ad
1165 2297 1407 2355 lenonem
1421 2298 1562 2355 redit.

301 2370 462 2437 Nunc
474 2374 616 2448 quod
631 2373 945 2448 postremum
973 2374 1041 2430 est
1055 2377 1445 2434 condimentum
1461 2371 1656 2432 Fabulae.
1670 2412 1688 2439 ,

298 2451 350 2503 Si
365 2448 573 2524 placuit,
601 2449 825 2527 plausum
844 2452 1055 2529 postulat
1067 2454 1358 2511 Comoedia.

218 2584 281 2618 14.
375 2579 470 2612 vme
489 2575 566 2612 hinc
601 2574 791 2628 quidem]
858 2577 1068 2618 Δεικπκῶς.
1120 2571 1677 2629 sum.Qifrigidusjocus‚sed
1689 2570 1863 2614 Lenonis
1874 2584 1963 2612 cum

214 2638 219 2643 ’
380 2627 582 2678 Significat
607 2628 642 2667 lit
671 2631 780 2669 collo
802 2630 841 2668 &
865 2628 1069 2682 suspendio
1119 2631 1334 2670 ostenderet
1357 2631 1392 2670 se
1425 2643 1509 2669 non
1530 2630 1771 2669 contrarium
1795 2625 1869 2666 esse
1897 2638 1963 2665 nec

216 2684 409 2719 omnibus
427 2680 731 2721 larissa-fiturum.
765 2682 931 2721 Lambin.
1117 2684 1370 2724 adversarium
1385 2683 1866 2734 voluntatiAgorastoclis·
1888 2681 1959 2744 Sal:

274 2742 333 2772 18·
365 2734 580 2782 ..Advorsum
593 2734 777 2788 quidem]
795 2735 1065 2777 scribendum:
1169 2750 1230 2780 23.
1253 2740 1381 2776 Multo
1404 2739 1499 2792 post,
1539 2736 1777 2789 cumi71jus‚]
1810 2741 1873 2776 Tu
1896 2748 1962 2787 qul

215 2792 295 2826 AG.
321 2790 503 2841 Numquid
520 2791 648 2837 recusas
661 2799 775 2826 contra
789 2796 807 2827 ?
834 2794 903 2828 LY.
921 2795 980 2828 Ne
1001 2791 1064 2828 ad·
1118 2792 1244 2840 tejam
1260 2790 1512 2843 periiffedicis
1524 2817 1535 2836 ,
1568 2793 1700 2831 multo
1712 2791 1885 2842 magisid
1905 2792 1961 2831 di-

216 2842 363 2891 versum
377 2843 541 2895 quidem.
566 2842 673 2883 Lusit
684 2844 727 2883 in
736 2843 1065 2885 contra&adver-
1116 2857 1196 2891 ces,
1222 2846 1383 2899 quando
1402 2847 1443 2887 in
1455 2846 1515 2897 jus
1532 2847 1693 2887 venetis.
1724 2850 1877 2885 Douza.

1649 3041 1958 3143 Pomm
